[
  {
    "canonical_wallet": "0x8a6276085b676a02098d83c199683e8a964168e1",
    "total_fills": "468",
    "total_markets": "85",
    "earliest_fill": "2025-09-05 15:30:28.000",
    "latest_fill": "2025-11-05 06:25:05.000",
    "trades": [
      {
        "trade_id": "2025-09-05 15:30:28",
        "timestamp": "2025-09-05 15:30:28",
        "asset_id": "25676404126251793452437679998881673978615639981798882343338013469997779860823",
        "side": "SELL",
        "size": 30000000,
        "price": 0.999,
        "cost": 29970000
      },
      {
        "trade_id": "2025-09-05 15:30:28",
        "timestamp": "2025-09-05 15:30:28",
        "asset_id": "25676404126251793452437679998881673978615639981798882343338013469997779860823",
        "side": "BUY",
        "size": 30000000,
        "price": 0.999,
        "cost": 29970000
      },
      {
        "trade_id": "2025-09-05 16:45:28",
        "timestamp": "2025-09-05 16:45:28",
        "asset_id": "16619537045610554317637890996543719013113237559009999444544636924570426860658",
        "side": "SELL",
        "size": 52080000,
        "price": 0.999,
        "cost": 52027920
      },
      {
        "trade_id": "2025-09-05 16:45:28",
        "timestamp": "2025-09-05 16:45:28",
        "asset_id": "16619537045610554317637890996543719013113237559009999444544636924570426860658",
        "side": "BUY",
        "size": 52080000,
        "price": 0.999,
        "cost": 52027920
      },
      {
        "trade_id": "2025-09-27 06:40:01",
        "timestamp": "2025-09-27 06:40:01",
        "asset_id": "110969439215366127189176535591987609252538469532644343332216376213335060465368",
        "side": "BUY",
        "size": 42372880,
        "price": 0.41000000472000014,
        "cost": 17372881
      },
      {
        "trade_id": "2025-09-27 06:40:39",
        "timestamp": "2025-09-27 06:40:39",
        "asset_id": "96250455856219003960751913655395166268581676281459105292328865894242708208644",
        "side": "BUY",
        "size": 47058820,
        "price": 0.15,
        "cost": 7058823
      },
      {
        "trade_id": "2025-09-30 05:45:39",
        "timestamp": "2025-09-30 05:45:39",
        "asset_id": "69128515327912114416798228874081188795404239830495775683856407322229317525555",
        "side": "BUY",
        "size": 5000000,
        "price": 0.01,
        "cost": 50000
      },
      {
        "trade_id": "2025-10-03 06:31:22",
        "timestamp": "2025-10-03 06:31:22",
        "asset_id": "69949888786598819696202811078025310469665829411184641109867886937358880430360",
        "side": "SELL",
        "size": 1428570,
        "price": 0.7,
        "cost": 999998.9999999999
      },
      {
        "trade_id": "2025-10-03 07:49:44",
        "timestamp": "2025-10-03 07:49:44",
        "asset_id": "69949888786598819696202811078025310469665829411184641109867886937358880430360",
        "side": "BUY",
        "size": 10260000,
        "price": 0.62,
        "cost": 6361200
      },
      {
        "trade_id": "2025-10-03 07:49:44",
        "timestamp": "2025-10-03 07:49:44",
        "asset_id": "69949888786598819696202811078025310469665829411184641109867886937358880430360",
        "side": "BUY",
        "size": 65300000,
        "price": 0.63,
        "cost": 41139000
      },
      {
        "trade_id": "2025-10-03 07:49:44",
        "timestamp": "2025-10-03 07:49:44",
        "asset_id": "69949888786598819696202811078025310469665829411184641109867886937358880430360",
        "side": "SELL",
        "size": 176570000,
        "price": 0.6294189273375999,
        "cost": 111136500
      },
      {
        "trade_id": "2025-10-26 03:58:39",
        "timestamp": "2025-10-26 03:58:39",
        "asset_id": "20158895156453260801953802070727644192766788198730775622173381210785457704798",
        "side": "BUY",
        "size": 83330000,
        "price": 0.05,
        "cost": 4166500
      },
      {
        "trade_id": "2025-10-26 03:58:39",
        "timestamp": "2025-10-26 03:58:39",
        "asset_id": "20158895156453260801953802070727644192766788198730775622173381210785457704798",
        "side": "SELL",
        "size": 83330000,
        "price": 0.05,
        "cost": 4166500
      },
      {
        "trade_id": "2025-10-26 05:52:47",
        "timestamp": "2025-10-26 05:52:47",
        "asset_id": "6282163492409382995087423558142397482491548899657650378239855324640411863953",
        "side": "SELL",
        "size": 10000000,
        "price": 0.31,
        "cost": 3100000
      },
      {
        "trade_id": "2025-10-26 06:10:43",
        "timestamp": "2025-10-26 06:10:43",
        "asset_id": "100990023795478286308595169279305139568220610549774422580002316613744803003099",
        "side": "SELL",
        "size": 10000000,
        "price": 0.04,
        "cost": 400000
      },
      {
        "trade_id": "2025-10-26 06:10:43",
        "timestamp": "2025-10-26 06:10:43",
        "asset_id": "100990023795478286308595169279305139568220610549774422580002316613744803003099",
        "side": "BUY",
        "size": 10000000,
        "price": 0.04,
        "cost": 400000
      },
      {
        "trade_id": "2025-10-26 06:11:29",
        "timestamp": "2025-10-26 06:11:29",
        "asset_id": "62014826030659093334274395140557256577713763393941054840804007829112748617395",
        "side": "SELL",
        "size": 12000000,
        "price": 0.51,
        "cost": 6120000
      },
      {
        "trade_id": "2025-10-26 06:11:49",
        "timestamp": "2025-10-26 06:11:49",
        "asset_id": "62014826030659093334274395140557256577713763393941054840804007829112748617395",
        "side": "SELL",
        "size": 1000000,
        "price": 0.51,
        "cost": 510000
      },
      {
        "trade_id": "2025-10-26 06:13:41",
        "timestamp": "2025-10-26 06:13:41",
        "asset_id": "100990023795478286308595169279305139568220610549774422580002316613744803003099",
        "side": "BUY",
        "size": 36636300,
        "price": 0.01,
        "cost": 366363
      },
      {
        "trade_id": "2025-10-26 06:17:45",
        "timestamp": "2025-10-26 06:17:45",
        "asset_id": "62014826030659093334274395140557256577713763393941054840804007829112748617395",
        "side": "SELL",
        "size": 15000000,
        "price": 0.26,
        "cost": 3900000
      },
      {
        "trade_id": "2025-10-26 06:17:45",
        "timestamp": "2025-10-26 06:17:45",
        "asset_id": "62014826030659093334274395140557256577713763393941054840804007829112748617395",
        "side": "BUY",
        "size": 15000000,
        "price": 0.26,
        "cost": 3900000
      },
      {
        "trade_id": "2025-10-26 06:28:59",
        "timestamp": "2025-10-26 06:28:59",
        "asset_id": "111866933845217268511831835225568168033693153007987233701266405339181456253656",
        "side": "SELL",
        "size": 20000000,
        "price": 0.51,
        "cost": 10200000
      },
      {
        "trade_id": "2025-10-26 06:41:01",
        "timestamp": "2025-10-26 06:41:01",
        "asset_id": "65114088379752519296707236509690420294810966918574801223555268504554101402211",
        "side": "SELL",
        "size": 50000000,
        "price": 0.51,
        "cost": 25500000
      },
      {
        "trade_id": "2025-10-26 06:53:03",
        "timestamp": "2025-10-26 06:53:03",
        "asset_id": "90549274403689713371011630297127474461517670483451092682711853153872931623106",
        "side": "SELL",
        "size": 1280000,
        "price": 0.51,
        "cost": 652800
      },
      {
        "trade_id": "2025-10-26 06:56:17",
        "timestamp": "2025-10-26 06:56:17",
        "asset_id": "90549274403689713371011630297127474461517670483451092682711853153872931623106",
        "side": "SELL",
        "size": 5000000,
        "price": 0.51,
        "cost": 2550000
      },
      {
        "trade_id": "2025-10-26 07:00:01",
        "timestamp": "2025-10-26 07:00:01",
        "asset_id": "90549274403689713371011630297127474461517670483451092682711853153872931623106",
        "side": "SELL",
        "size": 1960783,
        "price": 0.5099998316998873,
        "cost": 999999.0000000001
      },
      {
        "trade_id": "2025-10-26 07:00:13",
        "timestamp": "2025-10-26 07:00:13",
        "asset_id": "90549274403689713371011630297127474461517670483451092682711853153872931623106",
        "side": "SELL",
        "size": 44600000,
        "price": 0.51,
        "cost": 22746000
      },
      {
        "trade_id": "2025-10-26 07:16:03",
        "timestamp": "2025-10-26 07:16:03",
        "asset_id": "110169438814865611528399342284082635937101128772003196241243230425775839653406",
        "side": "SELL",
        "size": 53900000,
        "price": 0.51,
        "cost": 27489000
      },
      {
        "trade_id": "2025-10-26 07:27:57",
        "timestamp": "2025-10-26 07:27:57",
        "asset_id": "18109436593820365029738171837716847420285009228469642928179577213624235402662",
        "side": "SELL",
        "size": 15000000,
        "price": 0.51,
        "cost": 7650000
      },
      {
        "trade_id": "2025-10-26 07:28:23",
        "timestamp": "2025-10-26 07:28:23",
        "asset_id": "18109436593820365029738171837716847420285009228469642928179577213624235402662",
        "side": "SELL",
        "size": 39980000,
        "price": 0.51,
        "cost": 20389800
      },
      {
        "trade_id": "2025-10-26 07:45:09",
        "timestamp": "2025-10-26 07:45:09",
        "asset_id": "21327357208716114673572061646707521708894291339892954708453126495445090587905",
        "side": "SELL",
        "size": 56080000,
        "price": 0.51,
        "cost": 28600800
      },
      {
        "trade_id": "2025-10-26 07:58:15",
        "timestamp": "2025-10-26 07:58:15",
        "asset_id": "4133093071676924155987237352480322367547345838859958090363266870889935127119",
        "side": "SELL",
        "size": 2105685,
        "price": 0.5099998337833057,
        "cost": 1073899
      },
      {
        "trade_id": "2025-10-26 07:58:19",
        "timestamp": "2025-10-26 07:58:19",
        "asset_id": "4133093071676924155987237352480322367547345838859958090363266870889935127119",
        "side": "SELL",
        "size": 5000000,
        "price": 0.51,
        "cost": 2550000
      },
      {
        "trade_id": "2025-10-26 08:00:07",
        "timestamp": "2025-10-26 08:00:07",
        "asset_id": "4133093071676924155987237352480322367547345838859958090363266870889935127119",
        "side": "SELL",
        "size": 50040000,
        "price": 0.51,
        "cost": 25520400
      },
      {
        "trade_id": "2025-10-26 08:57:13",
        "timestamp": "2025-10-26 08:57:13",
        "asset_id": "48577696990107194322933394817022065889494020533382465725471124424486693671942",
        "side": "SELL",
        "size": 48513332,
        "price": 0.509999993403875,
        "cost": 24741799
      },
      {
        "trade_id": "2025-10-26 08:57:19",
        "timestamp": "2025-10-26 08:57:19",
        "asset_id": "48577696990107194322933394817022065889494020533382465725471124424486693671942",
        "side": "SELL",
        "size": 9780000,
        "price": 0.51,
        "cost": 4987800
      },
      {
        "trade_id": "2025-10-26 09:02:07",
        "timestamp": "2025-10-26 09:02:07",
        "asset_id": "26133035251208985875736058145928254673237973808209045166368263675620870671114",
        "side": "SELL",
        "size": 33823528,
        "price": 0.5099999917217388,
        "cost": 17249999
      },
      {
        "trade_id": "2025-10-26 09:07:07",
        "timestamp": "2025-10-26 09:07:07",
        "asset_id": "26133035251208985875736058145928254673237973808209045166368263675620870671114",
        "side": "SELL",
        "size": 25660000,
        "price": 0.51,
        "cost": 13086600
      },
      {
        "trade_id": "2025-10-26 10:18:15",
        "timestamp": "2025-10-26 10:18:15",
        "asset_id": "93187564186521091601438844736150689720791973255603300826909640669475900375680",
        "side": "SELL",
        "size": 27440979,
        "price": 0.509999989431864,
        "cost": 13994899.000000002
      },
      {
        "trade_id": "2025-10-26 10:24:07",
        "timestamp": "2025-10-26 10:24:07",
        "asset_id": "93187564186521091601438844736150689720791973255603300826909640669475900375680",
        "side": "SELL",
        "size": 5294116,
        "price": 0.5099999697777684,
        "cost": 2699999
      },
      {
        "trade_id": "2025-10-26 10:24:55",
        "timestamp": "2025-10-26 10:24:55",
        "asset_id": "93187564186521091601438844736150689720791973255603300826909640669475900375680",
        "side": "SELL",
        "size": 19607842,
        "price": 0.5099999785799988,
        "cost": 9999999
      },
      {
        "trade_id": "2025-10-26 10:27:25",
        "timestamp": "2025-10-26 10:27:25",
        "asset_id": "93187564186521091601438844736150689720791973255603300826909640669475900375680",
        "side": "SELL",
        "size": 7000000,
        "price": 0.51,
        "cost": 3570000
      },
      {
        "trade_id": "2025-10-26 10:27:33",
        "timestamp": "2025-10-26 10:27:33",
        "asset_id": "93187564186521091601438844736150689720791973255603300826909640669475900375680",
        "side": "SELL",
        "size": 1320000,
        "price": 0.51,
        "cost": 673200
      },
      {
        "trade_id": "2025-10-26 10:30:01",
        "timestamp": "2025-10-26 10:30:01",
        "asset_id": "76887783184804072774512451568342820905665005730726080888947495704096924237965",
        "side": "SELL",
        "size": 3921567,
        "price": 0.509999956649982,
        "cost": 1999999
      },
      {
        "trade_id": "2025-10-26 10:30:05",
        "timestamp": "2025-10-26 10:30:05",
        "asset_id": "76887783184804072774512451568342820905665005730726080888947495704096924237965",
        "side": "SELL",
        "size": 7000000,
        "price": 0.51,
        "cost": 3570000
      },
      {
        "trade_id": "2025-10-26 10:30:11",
        "timestamp": "2025-10-26 10:30:11",
        "asset_id": "76887783184804072774512451568342820905665005730726080888947495704096924237965",
        "side": "SELL",
        "size": 9980391,
        "price": 0.5099999589194452,
        "cost": 5089999
      },
      {
        "trade_id": "2025-10-26 10:32:21",
        "timestamp": "2025-10-26 10:32:21",
        "asset_id": "76887783184804072774512451568342820905665005730726080888947495704096924237965",
        "side": "SELL",
        "size": 9803920,
        "price": 0.5099999795999968,
        "cost": 4999999
      },
      {
        "trade_id": "2025-10-26 10:37:55",
        "timestamp": "2025-10-26 10:37:55",
        "asset_id": "76887783184804072774512451568342820905665005730726080888947495704096924237965",
        "side": "SELL",
        "size": 1960783,
        "price": 0.5099998316998873,
        "cost": 999999.0000000001
      },
      {
        "trade_id": "2025-10-26 10:42:55",
        "timestamp": "2025-10-26 10:42:55",
        "asset_id": "76887783184804072774512451568342820905665005730726080888947495704096924237965",
        "side": "SELL",
        "size": 29180000,
        "price": 0.51,
        "cost": 14881800
      },
      {
        "trade_id": "2025-10-26 10:58:07",
        "timestamp": "2025-10-26 10:58:07",
        "asset_id": "16122468728235985987896449732031188759915156674963195003763561577994978461890",
        "side": "SELL",
        "size": 14607842,
        "price": 0.5099999712483199,
        "cost": 7449998.999999999
      },
      {
        "trade_id": "2025-10-26 10:58:15",
        "timestamp": "2025-10-26 10:58:15",
        "asset_id": "16122468728235985987896449732031188759915156674963195003763561577994978461890",
        "side": "SELL",
        "size": 9705881,
        "price": 0.5099999680606017,
        "cost": 4949999.000000001
      },
      {
        "trade_id": "2025-10-26 11:00:09",
        "timestamp": "2025-10-26 11:00:09",
        "asset_id": "16122468728235985987896449732031188759915156674963195003763561577994978461890",
        "side": "SELL",
        "size": 38780000,
        "price": 0.51,
        "cost": 19777800
      },
      {
        "trade_id": "2025-10-26 11:13:05",
        "timestamp": "2025-10-26 11:13:05",
        "asset_id": "23178349853838244595985900759647076529020732183085010981696999447306028754158",
        "side": "SELL",
        "size": 4705881,
        "price": 0.509999934124981,
        "cost": 2399999
      },
      {
        "trade_id": "2025-10-26 11:15:35",
        "timestamp": "2025-10-26 11:15:35",
        "asset_id": "23178349853838244595985900759647076529020732183085010981696999447306028754158",
        "side": "SELL",
        "size": 20784312,
        "price": 0.5099999942264146,
        "cost": 10599999
      },
      {
        "trade_id": "2025-10-26 11:15:37",
        "timestamp": "2025-10-26 11:15:37",
        "asset_id": "23178349853838244595985900759647076529020732183085010981696999447306028754158",
        "side": "SELL",
        "size": 5000000,
        "price": 0.51,
        "cost": 2550000
      },
      {
        "trade_id": "2025-10-26 11:15:39",
        "timestamp": "2025-10-26 11:15:39",
        "asset_id": "23178349853838244595985900759647076529020732183085010981696999447306028754158",
        "side": "SELL",
        "size": 10784312,
        "price": 0.5099999888727255,
        "cost": 5499999
      },
      {
        "trade_id": "2025-10-26 11:15:39",
        "timestamp": "2025-10-26 11:15:39",
        "asset_id": "23178349853838244595985900759647076529020732183085010981696999447306028754158",
        "side": "SELL",
        "size": 23060000,
        "price": 0.51,
        "cost": 11760600
      },
      {
        "trade_id": "2025-10-26 11:18:35",
        "timestamp": "2025-10-26 11:18:35",
        "asset_id": "8513469965628952100632331394726594908746563014390917517363188881242548942849",
        "side": "SELL",
        "size": 65630000,
        "price": 0.51,
        "cost": 33471300
      },
      {
        "trade_id": "2025-10-26 11:58:27",
        "timestamp": "2025-10-26 11:58:27",
        "asset_id": "78585911383058234317042167703332236577771139360172289509073040951204872874015",
        "side": "SELL",
        "size": 7680000,
        "price": 0.51,
        "cost": 3916800
      },
      {
        "trade_id": "2025-10-26 11:58:41",
        "timestamp": "2025-10-26 11:58:41",
        "asset_id": "78585911383058234317042167703332236577771139360172289509073040951204872874015",
        "side": "SELL",
        "size": 9705881,
        "price": 0.5099999680606017,
        "cost": 4949999.000000001
      },
      {
        "trade_id": "2025-10-26 11:59:17",
        "timestamp": "2025-10-26 11:59:17",
        "asset_id": "78585911383058234317042167703332236577771139360172289509073040951204872874015",
        "side": "SELL",
        "size": 6431371,
        "price": 0.5099999673475532,
        "cost": 3279999.0000000005
      },
      {
        "trade_id": "2025-10-26 11:59:45",
        "timestamp": "2025-10-26 11:59:45",
        "asset_id": "78585911383058234317042167703332236577771139360172289509073040951204872874015",
        "side": "SELL",
        "size": 980391,
        "price": 0.5099995817995066,
        "cost": 499999
      },
      {
        "trade_id": "2025-10-26 11:59:53",
        "timestamp": "2025-10-26 11:59:53",
        "asset_id": "78585911383058234317042167703332236577771139360172289509073040951204872874015",
        "side": "SELL",
        "size": 30000000,
        "price": 0.51,
        "cost": 15300000
      },
      {
        "trade_id": "2025-10-26 12:00:07",
        "timestamp": "2025-10-26 12:00:07",
        "asset_id": "78585911383058234317042167703332236577771139360172289509073040951204872874015",
        "side": "SELL",
        "size": 14810000,
        "price": 0.51,
        "cost": 7553100
      },
      {
        "trade_id": "2025-10-26 12:14:35",
        "timestamp": "2025-10-26 12:14:35",
        "asset_id": "2437174365460080275670598532632074836515879002933977228761536217306033304095",
        "side": "SELL",
        "size": 71010000,
        "price": 0.51,
        "cost": 36215100
      },
      {
        "trade_id": "2025-10-26 12:30:09",
        "timestamp": "2025-10-26 12:30:09",
        "asset_id": "9294299885200089349654203039866691672123629993084128316760791207912858991161",
        "side": "SELL",
        "size": 30000000,
        "price": 0.51,
        "cost": 15300000
      },
      {
        "trade_id": "2025-10-26 12:30:11",
        "timestamp": "2025-10-26 12:30:11",
        "asset_id": "9294299885200089349654203039866691672123629993084128316760791207912858991161",
        "side": "SELL",
        "size": 19000000,
        "price": 0.51,
        "cost": 9690000
      },
      {
        "trade_id": "2025-10-26 12:30:11",
        "timestamp": "2025-10-26 12:30:11",
        "asset_id": "9294299885200089349654203039866691672123629993084128316760791207912858991161",
        "side": "SELL",
        "size": 23430000,
        "price": 0.51,
        "cost": 11949300
      },
      {
        "trade_id": "2025-10-26 12:43:27",
        "timestamp": "2025-10-26 12:43:27",
        "asset_id": "53107326867949055878549663687429536548544929773840596922885823975678392935503",
        "side": "SELL",
        "size": 47390000,
        "price": 0.51,
        "cost": 24168900
      },
      {
        "trade_id": "2025-10-26 12:43:27",
        "timestamp": "2025-10-26 12:43:27",
        "asset_id": "53107326867949055878549663687429536548544929773840596922885823975678392935503",
        "side": "SELL",
        "size": 26490000,
        "price": 0.51,
        "cost": 13509900
      },
      {
        "trade_id": "2025-10-26 12:50:45",
        "timestamp": "2025-10-26 12:50:45",
        "asset_id": "90036003282697459665613500719530523085825700114106797862896161496528596794033",
        "side": "SELL",
        "size": 22753724,
        "price": 0.509999989452276,
        "cost": 11604398.999999998
      },
      {
        "trade_id": "2025-10-26 12:57:39",
        "timestamp": "2025-10-26 12:57:39",
        "asset_id": "90036003282697459665613500719530523085825700114106797862896161496528596794033",
        "side": "SELL",
        "size": 3921567,
        "price": 0.509999956649982,
        "cost": 1999999
      },
      {
        "trade_id": "2025-10-26 12:58:41",
        "timestamp": "2025-10-26 12:58:41",
        "asset_id": "90036003282697459665613500719530523085825700114106797862896161496528596794033",
        "side": "SELL",
        "size": 9705881,
        "price": 0.5099999680606017,
        "cost": 4949999.000000001
      },
      {
        "trade_id": "2025-10-26 12:59:05",
        "timestamp": "2025-10-26 12:59:05",
        "asset_id": "90036003282697459665613500719530523085825700114106797862896161496528596794033",
        "side": "SELL",
        "size": 38960000,
        "price": 0.51,
        "cost": 19869600
      },
      {
        "trade_id": "2025-10-26 13:58:27",
        "timestamp": "2025-10-26 13:58:27",
        "asset_id": "5872729520448845513102079087708444025608182874975278854388948531499654496366",
        "side": "SELL",
        "size": 78370000,
        "price": 0.51,
        "cost": 39968700
      },
      {
        "trade_id": "2025-10-26 14:14:05",
        "timestamp": "2025-10-26 14:14:05",
        "asset_id": "2173438784433844205373845511612071230986166225697064202571111849456670863538",
        "side": "SELL",
        "size": 79940000,
        "price": 0.51,
        "cost": 40769400
      },
      {
        "trade_id": "2025-10-26 14:29:15",
        "timestamp": "2025-10-26 14:29:15",
        "asset_id": "43874120526856548457086189120917272386571521018261002735286158213293759235027",
        "side": "SELL",
        "size": 361371,
        "price": 0.5099994188797662,
        "cost": 184299
      },
      {
        "trade_id": "2025-10-26 14:29:19",
        "timestamp": "2025-10-26 14:29:19",
        "asset_id": "43874120526856548457086189120917272386571521018261002735286158213293759235027",
        "side": "SELL",
        "size": 27450979,
        "price": 0.5099999894357138,
        "cost": 13999999.000000002
      },
      {
        "trade_id": "2025-10-26 14:29:25",
        "timestamp": "2025-10-26 14:29:25",
        "asset_id": "43874120526856548457086189120917272386571521018261002735286158213293759235027",
        "side": "SELL",
        "size": 3921567,
        "price": 0.509999956649982,
        "cost": 1999999
      },
      {
        "trade_id": "2025-10-26 14:29:43",
        "timestamp": "2025-10-26 14:29:43",
        "asset_id": "43874120526856548457086189120917272386571521018261002735286158213293759235027",
        "side": "SELL",
        "size": 49780000,
        "price": 0.51,
        "cost": 25387800
      },
      {
        "trade_id": "2025-10-26 14:42:05",
        "timestamp": "2025-10-26 14:42:05",
        "asset_id": "13294918981339279833895867266839492220956666923807047913148317122081933155529",
        "side": "SELL",
        "size": 5987842,
        "price": 0.5099999298578687,
        "cost": 3053799
      },
      {
        "trade_id": "2025-10-26 14:43:43",
        "timestamp": "2025-10-26 14:43:43",
        "asset_id": "13294918981339279833895867266839492220956666923807047913148317122081933155529",
        "side": "SELL",
        "size": 9705881,
        "price": 0.5099999680606017,
        "cost": 4949999.000000001
      },
      {
        "trade_id": "2025-10-26 14:45:01",
        "timestamp": "2025-10-26 14:45:01",
        "asset_id": "13294918981339279833895867266839492220956666923807047913148317122081933155529",
        "side": "SELL",
        "size": 62882351,
        "price": 0.5099999998409729,
        "cost": 32069999
      },
      {
        "trade_id": "2025-10-26 14:46:31",
        "timestamp": "2025-10-26 14:46:31",
        "asset_id": "13294918981339279833895867266839492220956666923807047913148317122081933155529",
        "side": "SELL",
        "size": 4560000,
        "price": 0.51,
        "cost": 2325600
      },
      {
        "trade_id": "2025-10-26 15:43:05",
        "timestamp": "2025-10-26 15:43:05",
        "asset_id": "85888558948630188828878013302151448023483451858268745767171170379286085318719",
        "side": "SELL",
        "size": 84800000,
        "price": 0.51,
        "cost": 43248000
      },
      {
        "trade_id": "2025-10-26 15:59:53",
        "timestamp": "2025-10-26 15:59:53",
        "asset_id": "27146473001476665359495510983717875553074371516977376154236810664716207816416",
        "side": "SELL",
        "size": 84900000,
        "price": 0.51,
        "cost": 43299000
      },
      {
        "trade_id": "2025-10-26 16:00:07",
        "timestamp": "2025-10-26 16:00:07",
        "asset_id": "27146473001476665359495510983717875553074371516977376154236810664716207816416",
        "side": "SELL",
        "size": 1610000,
        "price": 0.51,
        "cost": 821100
      },
      {
        "trade_id": "2025-10-26 16:13:29",
        "timestamp": "2025-10-26 16:13:29",
        "asset_id": "42116880070128951166297748360418184193043632267529374874273230922150683667297",
        "side": "SELL",
        "size": 88230000,
        "price": 0.51,
        "cost": 44997300
      },
      {
        "trade_id": "2025-10-27 03:28:27",
        "timestamp": "2025-10-27 03:28:27",
        "asset_id": "100013370836379213112732653876044857499547527963428044277773244689835214889042",
        "side": "SELL",
        "size": 45710000,
        "price": 0.51,
        "cost": 23312100
      },
      {
        "trade_id": "2025-10-27 03:28:27",
        "timestamp": "2025-10-27 03:28:27",
        "asset_id": "100013370836379213112732653876044857499547527963428044277773244689835214889042",
        "side": "SELL",
        "size": 44290000,
        "price": 0.51,
        "cost": 22587900
      },
      {
        "trade_id": "2025-10-27 03:44:37",
        "timestamp": "2025-10-27 03:44:37",
        "asset_id": "48520332368878196972308737842076571189163171743372583299828015389646842090746",
        "side": "SELL",
        "size": 6764704,
        "price": 0.5099999940869548,
        "cost": 3449999
      },
      {
        "trade_id": "2025-10-27 03:44:55",
        "timestamp": "2025-10-27 03:44:55",
        "asset_id": "48520332368878196972308737842076571189163171743372583299828015389646842090746",
        "side": "SELL",
        "size": 50930000,
        "price": 0.51,
        "cost": 25974300
      },
      {
        "trade_id": "2025-10-27 03:44:55",
        "timestamp": "2025-10-27 03:44:55",
        "asset_id": "48520332368878196972308737842076571189163171743372583299828015389646842090746",
        "side": "SELL",
        "size": 15098038,
        "price": 0.5099999748311668,
        "cost": 7699998.999999999
      },
      {
        "trade_id": "2025-10-27 03:44:55",
        "timestamp": "2025-10-27 03:44:55",
        "asset_id": "48520332368878196972308737842076571189163171743372583299828015389646842090746",
        "side": "SELL",
        "size": 19000000,
        "price": 0.51,
        "cost": 9690000
      },
      {
        "trade_id": "2025-10-27 03:59:43",
        "timestamp": "2025-10-27 03:59:43",
        "asset_id": "95256810795582482361039426177338053092309183014481291673443437214143856055977",
        "side": "SELL",
        "size": 9803920,
        "price": 0.5099999795999968,
        "cost": 4999999
      },
      {
        "trade_id": "2025-10-27 03:59:57",
        "timestamp": "2025-10-27 03:59:57",
        "asset_id": "95256810795582482361039426177338053092309183014481291673443437214143856055977",
        "side": "SELL",
        "size": 83820000,
        "price": 0.51,
        "cost": 42748200
      },
      {
        "trade_id": "2025-10-27 04:22:51",
        "timestamp": "2025-10-27 04:22:51",
        "asset_id": "66546233241601159411016327837559724726615635852291745859219972452247808938261",
        "side": "SELL",
        "size": 5500000,
        "price": 0.51,
        "cost": 2805000
      },
      {
        "trade_id": "2025-10-27 04:22:51",
        "timestamp": "2025-10-27 04:22:51",
        "asset_id": "66546233241601159411016327837559724726615635852291745859219972452247808938261",
        "side": "SELL",
        "size": 30000000,
        "price": 0.51,
        "cost": 15300000
      },
      {
        "trade_id": "2025-10-27 04:22:51",
        "timestamp": "2025-10-27 04:22:51",
        "asset_id": "66546233241601159411016327837559724726615635852291745859219972452247808938261",
        "side": "SELL",
        "size": 30000000,
        "price": 0.51,
        "cost": 15300000
      },
      {
        "trade_id": "2025-10-27 04:22:51",
        "timestamp": "2025-10-27 04:22:51",
        "asset_id": "66546233241601159411016327837559724726615635852291745859219972452247808938261",
        "side": "SELL",
        "size": 30000000,
        "price": 0.51,
        "cost": 15300000
      },
      {
        "trade_id": "2025-10-28 05:55:17",
        "timestamp": "2025-10-28 05:55:17",
        "asset_id": "19866551056207205753046184805700392982139928300577457593773552554009036122926",
        "side": "SELL",
        "size": 49890000,
        "price": 0.51,
        "cost": 25443900
      },
      {
        "trade_id": "2025-10-28 05:55:39",
        "timestamp": "2025-10-28 05:55:39",
        "asset_id": "19866551056207205753046184805700392982139928300577457593773552554009036122926",
        "side": "SELL",
        "size": 110000,
        "price": 0.51,
        "cost": 56100
      },
      {
        "trade_id": "2025-10-29 08:38:49",
        "timestamp": "2025-10-29 08:38:49",
        "asset_id": "99155190642424444756309063874630246436640146977136662938050045935907071084091",
        "side": "SELL",
        "size": 74900000,
        "price": 0.01,
        "cost": 749000
      },
      {
        "trade_id": "2025-10-29 08:38:49",
        "timestamp": "2025-10-29 08:38:49",
        "asset_id": "99155190642424444756309063874630246436640146977136662938050045935907071084091",
        "side": "BUY",
        "size": 74900000,
        "price": 0.01,
        "cost": 749000
      },
      {
        "trade_id": "2025-10-30 07:41:13",
        "timestamp": "2025-10-30 07:41:13",
        "asset_id": "79789434574395618072042326164832046344754460421192893697746378616567216730282",
        "side": "BUY",
        "size": 50200750,
        "price": 0.004,
        "cost": 200803
      },
      {
        "trade_id": "2025-10-31 04:24:17",
        "timestamp": "2025-10-31 04:24:17",
        "asset_id": "31542696193164715831388565509835271962039975265254632982218898552005522670428",
        "side": "BUY",
        "size": 25910000,
        "price": 0.991,
        "cost": 25676810
      },
      {
        "trade_id": "2025-10-31 04:24:17",
        "timestamp": "2025-10-31 04:24:17",
        "asset_id": "31542696193164715831388565509835271962039975265254632982218898552005522670428",
        "side": "SELL",
        "size": 25910000,
        "price": 0.991,
        "cost": 25676810
      },
      {
        "trade_id": "2025-11-01 07:53:46",
        "timestamp": "2025-11-01 07:53:46",
        "asset_id": "96428764396261311858011136368534794050963426074971668812167527265715432887203",
        "side": "SELL",
        "size": 3120000,
        "price": 0.36,
        "cost": 1123200
      },
      {
        "trade_id": "2025-11-01 07:53:46",
        "timestamp": "2025-11-01 07:53:46",
        "asset_id": "96428764396261311858011136368534794050963426074971668812167527265715432887203",
        "side": "SELL",
        "size": 3120000,
        "price": 0.36,
        "cost": 1123200
      },
      {
        "trade_id": "2025-11-01 09:56:34",
        "timestamp": "2025-11-01 09:56:34",
        "asset_id": "37951794873813979977123985762469629834600560535790881440171489816084313555914",
        "side": "BUY",
        "size": 5000000,
        "price": 0.21,
        "cost": 1050000
      },
      {
        "trade_id": "2025-11-01 09:56:34",
        "timestamp": "2025-11-01 09:56:34",
        "asset_id": "37951794873813979977123985762469629834600560535790881440171489816084313555914",
        "side": "BUY",
        "size": 5000000,
        "price": 0.21,
        "cost": 1050000
      },
      {
        "trade_id": "2025-11-01 09:56:46",
        "timestamp": "2025-11-01 09:56:46",
        "asset_id": "37951794873813979977123985762469629834600560535790881440171489816084313555914",
        "side": "SELL",
        "size": 20000000,
        "price": 0.4,
        "cost": 8000000
      },
      {
        "trade_id": "2025-11-01 09:56:46",
        "timestamp": "2025-11-01 09:56:46",
        "asset_id": "37951794873813979977123985762469629834600560535790881440171489816084313555914",
        "side": "BUY",
        "size": 18000000,
        "price": 0.4,
        "cost": 7200000
      },
      {
        "trade_id": "2025-11-01 09:56:46",
        "timestamp": "2025-11-01 09:56:46",
        "asset_id": "37951794873813979977123985762469629834600560535790881440171489816084313555914",
        "side": "BUY",
        "size": 2000000,
        "price": 0.4,
        "cost": 800000
      },
      {
        "trade_id": "2025-11-01 09:56:46",
        "timestamp": "2025-11-01 09:56:46",
        "asset_id": "37951794873813979977123985762469629834600560535790881440171489816084313555914",
        "side": "SELL",
        "size": 20000000,
        "price": 0.4,
        "cost": 8000000
      },
      {
        "trade_id": "2025-11-01 09:56:46",
        "timestamp": "2025-11-01 09:56:46",
        "asset_id": "37951794873813979977123985762469629834600560535790881440171489816084313555914",
        "side": "BUY",
        "size": 18000000,
        "price": 0.4,
        "cost": 7200000
      },
      {
        "trade_id": "2025-11-01 09:56:46",
        "timestamp": "2025-11-01 09:56:46",
        "asset_id": "37951794873813979977123985762469629834600560535790881440171489816084313555914",
        "side": "BUY",
        "size": 2000000,
        "price": 0.4,
        "cost": 800000
      },
      {
        "trade_id": "2025-11-01 10:05:40",
        "timestamp": "2025-11-01 10:05:40",
        "asset_id": "32205969363645195579355613740552723038207382410144741534250079012677692104341",
        "side": "SELL",
        "size": 12000000,
        "price": 0.78,
        "cost": 9360000
      },
      {
        "trade_id": "2025-11-01 10:05:40",
        "timestamp": "2025-11-01 10:05:40",
        "asset_id": "32205969363645195579355613740552723038207382410144741534250079012677692104341",
        "side": "SELL",
        "size": 12000000,
        "price": 0.78,
        "cost": 9360000
      },
      {
        "trade_id": "2025-11-01 10:06:34",
        "timestamp": "2025-11-01 10:06:34",
        "asset_id": "32205969363645195579355613740552723038207382410144741534250079012677692104341",
        "side": "BUY",
        "size": 6690000,
        "price": 0.58,
        "cost": 3880199.9999999995
      },
      {
        "trade_id": "2025-11-01 10:06:34",
        "timestamp": "2025-11-01 10:06:34",
        "asset_id": "32205969363645195579355613740552723038207382410144741534250079012677692104341",
        "side": "SELL",
        "size": 6690000,
        "price": 0.58,
        "cost": 3880199.9999999995
      },
      {
        "trade_id": "2025-11-01 10:06:34",
        "timestamp": "2025-11-01 10:06:34",
        "asset_id": "32205969363645195579355613740552723038207382410144741534250079012677692104341",
        "side": "SELL",
        "size": 10000000,
        "price": 0.58,
        "cost": 5800000
      },
      {
        "trade_id": "2025-11-01 10:06:34",
        "timestamp": "2025-11-01 10:06:34",
        "asset_id": "32205969363645195579355613740552723038207382410144741534250079012677692104341",
        "side": "BUY",
        "size": 6690000,
        "price": 0.58,
        "cost": 3880199.9999999995
      },
      {
        "trade_id": "2025-11-01 10:06:34",
        "timestamp": "2025-11-01 10:06:34",
        "asset_id": "32205969363645195579355613740552723038207382410144741534250079012677692104341",
        "side": "SELL",
        "size": 6690000,
        "price": 0.58,
        "cost": 3880199.9999999995
      },
      {
        "trade_id": "2025-11-01 10:06:34",
        "timestamp": "2025-11-01 10:06:34",
        "asset_id": "32205969363645195579355613740552723038207382410144741534250079012677692104341",
        "side": "SELL",
        "size": 10000000,
        "price": 0.58,
        "cost": 5800000
      },
      {
        "trade_id": "2025-11-01 10:07:22",
        "timestamp": "2025-11-01 10:07:22",
        "asset_id": "32205969363645195579355613740552723038207382410144741534250079012677692104341",
        "side": "SELL",
        "size": 21310000,
        "price": 0.6,
        "cost": 12786000
      },
      {
        "trade_id": "2025-11-01 10:07:22",
        "timestamp": "2025-11-01 10:07:22",
        "asset_id": "32205969363645195579355613740552723038207382410144741534250079012677692104341",
        "side": "SELL",
        "size": 21310000,
        "price": 0.6,
        "cost": 12786000
      },
      {
        "trade_id": "2025-11-01 10:07:42",
        "timestamp": "2025-11-01 10:07:42",
        "asset_id": "32205969363645195579355613740552723038207382410144741534250079012677692104341",
        "side": "SELL",
        "size": 6641508,
        "price": 0.5299999638636286,
        "cost": 3519999
      },
      {
        "trade_id": "2025-11-01 10:07:42",
        "timestamp": "2025-11-01 10:07:42",
        "asset_id": "32205969363645195579355613740552723038207382410144741534250079012677692104341",
        "side": "SELL",
        "size": 6641508,
        "price": 0.5299999638636286,
        "cost": 3519999
      },
      {
        "trade_id": "2025-11-01 10:07:54",
        "timestamp": "2025-11-01 10:07:54",
        "asset_id": "32205969363645195579355613740552723038207382410144741534250079012677692104341",
        "side": "SELL",
        "size": 5000000,
        "price": 0.54,
        "cost": 2700000
      },
      {
        "trade_id": "2025-11-01 10:07:54",
        "timestamp": "2025-11-01 10:07:54",
        "asset_id": "32205969363645195579355613740552723038207382410144741534250079012677692104341",
        "side": "SELL",
        "size": 5000000,
        "price": 0.54,
        "cost": 2700000
      },
      {
        "trade_id": "2025-11-01 11:46:17",
        "timestamp": "2025-11-01 11:46:17",
        "asset_id": "28681654451917066964957299968994781714741688552609882573496788365531189220859",
        "side": "SELL",
        "size": 5000000,
        "price": 0.53,
        "cost": 2650000
      },
      {
        "trade_id": "2025-11-01 11:46:17",
        "timestamp": "2025-11-01 11:46:17",
        "asset_id": "28681654451917066964957299968994781714741688552609882573496788365531189220859",
        "side": "SELL",
        "size": 5000000,
        "price": 0.53,
        "cost": 2650000
      },
      {
        "trade_id": "2025-11-01 11:46:19",
        "timestamp": "2025-11-01 11:46:19",
        "asset_id": "28681654451917066964957299968994781714741688552609882573496788365531189220859",
        "side": "SELL",
        "size": 5000000,
        "price": 0.53,
        "cost": 2650000
      },
      {
        "trade_id": "2025-11-01 11:46:19",
        "timestamp": "2025-11-01 11:46:19",
        "asset_id": "28681654451917066964957299968994781714741688552609882573496788365531189220859",
        "side": "SELL",
        "size": 5000000,
        "price": 0.53,
        "cost": 2650000
      },
      {
        "trade_id": "2025-11-01 11:47:21",
        "timestamp": "2025-11-01 11:47:21",
        "asset_id": "28681654451917066964957299968994781714741688552609882573496788365531189220859",
        "side": "SELL",
        "size": 10000000,
        "price": 0.53,
        "cost": 5300000
      },
      {
        "trade_id": "2025-11-01 11:47:21",
        "timestamp": "2025-11-01 11:47:21",
        "asset_id": "28681654451917066964957299968994781714741688552609882573496788365531189220859",
        "side": "SELL",
        "size": 10000000,
        "price": 0.53,
        "cost": 5300000
      },
      {
        "trade_id": "2025-11-01 11:47:59",
        "timestamp": "2025-11-01 11:47:59",
        "asset_id": "28681654451917066964957299968994781714741688552609882573496788365531189220859",
        "side": "BUY",
        "size": 4730000,
        "price": 0.43,
        "cost": 2033900
      },
      {
        "trade_id": "2025-11-01 11:47:59",
        "timestamp": "2025-11-01 11:47:59",
        "asset_id": "28681654451917066964957299968994781714741688552609882573496788365531189220859",
        "side": "SELL",
        "size": 14730000,
        "price": 0.43,
        "cost": 6333900
      },
      {
        "trade_id": "2025-11-01 11:47:59",
        "timestamp": "2025-11-01 11:47:59",
        "asset_id": "28681654451917066964957299968994781714741688552609882573496788365531189220859",
        "side": "BUY",
        "size": 10000000,
        "price": 0.43,
        "cost": 4300000
      },
      {
        "trade_id": "2025-11-01 11:47:59",
        "timestamp": "2025-11-01 11:47:59",
        "asset_id": "28681654451917066964957299968994781714741688552609882573496788365531189220859",
        "side": "BUY",
        "size": 4730000,
        "price": 0.43,
        "cost": 2033900
      },
      {
        "trade_id": "2025-11-01 11:47:59",
        "timestamp": "2025-11-01 11:47:59",
        "asset_id": "28681654451917066964957299968994781714741688552609882573496788365531189220859",
        "side": "SELL",
        "size": 14730000,
        "price": 0.43,
        "cost": 6333900
      },
      {
        "trade_id": "2025-11-01 11:47:59",
        "timestamp": "2025-11-01 11:47:59",
        "asset_id": "28681654451917066964957299968994781714741688552609882573496788365531189220859",
        "side": "BUY",
        "size": 10000000,
        "price": 0.43,
        "cost": 4300000
      },
      {
        "trade_id": "2025-11-01 11:48:37",
        "timestamp": "2025-11-01 11:48:37",
        "asset_id": "28681654451917066964957299968994781714741688552609882573496788365531189220859",
        "side": "SELL",
        "size": 12710000,
        "price": 0.42,
        "cost": 5338200
      },
      {
        "trade_id": "2025-11-01 11:48:37",
        "timestamp": "2025-11-01 11:48:37",
        "asset_id": "28681654451917066964957299968994781714741688552609882573496788365531189220859",
        "side": "SELL",
        "size": 12710000,
        "price": 0.42,
        "cost": 5338200
      },
      {
        "trade_id": "2025-11-01 11:49:07",
        "timestamp": "2025-11-01 11:49:07",
        "asset_id": "28681654451917066964957299968994781714741688552609882573496788365531189220859",
        "side": "SELL",
        "size": 5000000,
        "price": 0.55,
        "cost": 2750000
      },
      {
        "trade_id": "2025-11-01 11:49:07",
        "timestamp": "2025-11-01 11:49:07",
        "asset_id": "28681654451917066964957299968994781714741688552609882573496788365531189220859",
        "side": "SELL",
        "size": 5000000,
        "price": 0.55,
        "cost": 2750000
      },
      {
        "trade_id": "2025-11-01 11:49:25",
        "timestamp": "2025-11-01 11:49:25",
        "asset_id": "28681654451917066964957299968994781714741688552609882573496788365531189220859",
        "side": "SELL",
        "size": 5000000,
        "price": 0.52,
        "cost": 2600000
      },
      {
        "trade_id": "2025-11-01 11:49:25",
        "timestamp": "2025-11-01 11:49:25",
        "asset_id": "28681654451917066964957299968994781714741688552609882573496788365531189220859",
        "side": "SELL",
        "size": 5000000,
        "price": 0.52,
        "cost": 2600000
      },
      {
        "trade_id": "2025-11-01 11:49:39",
        "timestamp": "2025-11-01 11:49:39",
        "asset_id": "28681654451917066964957299968994781714741688552609882573496788365531189220859",
        "side": "SELL",
        "size": 5000000,
        "price": 0.54,
        "cost": 2700000
      },
      {
        "trade_id": "2025-11-01 11:49:39",
        "timestamp": "2025-11-01 11:49:39",
        "asset_id": "28681654451917066964957299968994781714741688552609882573496788365531189220859",
        "side": "SELL",
        "size": 5000000,
        "price": 0.54,
        "cost": 2700000
      },
      {
        "trade_id": "2025-11-01 11:50:03",
        "timestamp": "2025-11-01 11:50:03",
        "asset_id": "28681654451917066964957299968994781714741688552609882573496788365531189220859",
        "side": "SELL",
        "size": 590000,
        "price": 0.67,
        "cost": 395300
      },
      {
        "trade_id": "2025-11-01 11:50:03",
        "timestamp": "2025-11-01 11:50:03",
        "asset_id": "28681654451917066964957299968994781714741688552609882573496788365531189220859",
        "side": "SELL",
        "size": 6164178,
        "price": 0.6699999578208157,
        "cost": 4129999
      },
      {
        "trade_id": "2025-11-01 11:50:03",
        "timestamp": "2025-11-01 11:50:03",
        "asset_id": "28681654451917066964957299968994781714741688552609882573496788365531189220859",
        "side": "SELL",
        "size": 590000,
        "price": 0.67,
        "cost": 395300
      },
      {
        "trade_id": "2025-11-01 11:50:03",
        "timestamp": "2025-11-01 11:50:03",
        "asset_id": "28681654451917066964957299968994781714741688552609882573496788365531189220859",
        "side": "SELL",
        "size": 6164178,
        "price": 0.6699999578208157,
        "cost": 4129999
      },
      {
        "trade_id": "2025-11-01 11:50:55",
        "timestamp": "2025-11-01 11:50:55",
        "asset_id": "28681654451917066964957299968994781714741688552609882573496788365531189220859",
        "side": "SELL",
        "size": 10000000,
        "price": 0.73,
        "cost": 7300000
      },
      {
        "trade_id": "2025-11-01 11:50:55",
        "timestamp": "2025-11-01 11:50:55",
        "asset_id": "28681654451917066964957299968994781714741688552609882573496788365531189220859",
        "side": "SELL",
        "size": 10000000,
        "price": 0.73,
        "cost": 7300000
      },
      {
        "trade_id": "2025-11-01 11:51:15",
        "timestamp": "2025-11-01 11:51:15",
        "asset_id": "28681654451917066964957299968994781714741688552609882573496788365531189220859",
        "side": "SELL",
        "size": 5010000,
        "price": 0.73,
        "cost": 3657300
      },
      {
        "trade_id": "2025-11-01 11:51:15",
        "timestamp": "2025-11-01 11:51:15",
        "asset_id": "28681654451917066964957299968994781714741688552609882573496788365531189220859",
        "side": "SELL",
        "size": 5010000,
        "price": 0.73,
        "cost": 3657300
      },
      {
        "trade_id": "2025-11-01 11:53:11",
        "timestamp": "2025-11-01 11:53:11",
        "asset_id": "28681654451917066964957299968994781714741688552609882573496788365531189220859",
        "side": "SELL",
        "size": 5000000,
        "price": 0.95,
        "cost": 4750000
      },
      {
        "trade_id": "2025-11-01 11:53:11",
        "timestamp": "2025-11-01 11:53:11",
        "asset_id": "28681654451917066964957299968994781714741688552609882573496788365531189220859",
        "side": "BUY",
        "size": 5000000,
        "price": 0.95,
        "cost": 4750000
      },
      {
        "trade_id": "2025-11-01 11:53:11",
        "timestamp": "2025-11-01 11:53:11",
        "asset_id": "28681654451917066964957299968994781714741688552609882573496788365531189220859",
        "side": "SELL",
        "size": 5000000,
        "price": 0.95,
        "cost": 4750000
      },
      {
        "trade_id": "2025-11-01 11:53:11",
        "timestamp": "2025-11-01 11:53:11",
        "asset_id": "28681654451917066964957299968994781714741688552609882573496788365531189220859",
        "side": "BUY",
        "size": 5000000,
        "price": 0.95,
        "cost": 4750000
      },
      {
        "trade_id": "2025-11-01 11:54:53",
        "timestamp": "2025-11-01 11:54:53",
        "asset_id": "28681654451917066964957299968994781714741688552609882573496788365531189220859",
        "side": "SELL",
        "size": 5000000,
        "price": 0.82,
        "cost": 4099999.9999999995
      },
      {
        "trade_id": "2025-11-01 11:54:53",
        "timestamp": "2025-11-01 11:54:53",
        "asset_id": "28681654451917066964957299968994781714741688552609882573496788365531189220859",
        "side": "SELL",
        "size": 5000000,
        "price": 0.82,
        "cost": 4099999.9999999995
      },
      {
        "trade_id": "2025-11-01 11:55:03",
        "timestamp": "2025-11-01 11:55:03",
        "asset_id": "28681654451917066964957299968994781714741688552609882573496788365531189220859",
        "side": "SELL",
        "size": 5000000,
        "price": 0.74,
        "cost": 3700000
      },
      {
        "trade_id": "2025-11-01 11:55:03",
        "timestamp": "2025-11-01 11:55:03",
        "asset_id": "28681654451917066964957299968994781714741688552609882573496788365531189220859",
        "side": "SELL",
        "size": 5000000,
        "price": 0.74,
        "cost": 3700000
      },
      {
        "trade_id": "2025-11-01 11:55:05",
        "timestamp": "2025-11-01 11:55:05",
        "asset_id": "28681654451917066964957299968994781714741688552609882573496788365531189220859",
        "side": "SELL",
        "size": 5000000,
        "price": 0.74,
        "cost": 3700000
      },
      {
        "trade_id": "2025-11-01 11:55:05",
        "timestamp": "2025-11-01 11:55:05",
        "asset_id": "28681654451917066964957299968994781714741688552609882573496788365531189220859",
        "side": "SELL",
        "size": 5000000,
        "price": 0.74,
        "cost": 3700000
      },
      {
        "trade_id": "2025-11-01 11:56:53",
        "timestamp": "2025-11-01 11:56:53",
        "asset_id": "28681654451917066964957299968994781714741688552609882573496788365531189220859",
        "side": "SELL",
        "size": 5000000,
        "price": 0.79,
        "cost": 3950000
      },
      {
        "trade_id": "2025-11-01 11:56:53",
        "timestamp": "2025-11-01 11:56:53",
        "asset_id": "28681654451917066964957299968994781714741688552609882573496788365531189220859",
        "side": "SELL",
        "size": 5000000,
        "price": 0.79,
        "cost": 3950000
      },
      {
        "trade_id": "2025-11-02 09:30:49",
        "timestamp": "2025-11-02 09:30:49",
        "asset_id": "96266748697651737130277097430118763270546167277640476565291556454140279939678",
        "side": "SELL",
        "size": 5000000,
        "price": 0.29,
        "cost": 1450000
      },
      {
        "trade_id": "2025-11-02 09:30:49",
        "timestamp": "2025-11-02 09:30:49",
        "asset_id": "96266748697651737130277097430118763270546167277640476565291556454140279939678",
        "side": "SELL",
        "size": 5000000,
        "price": 0.29,
        "cost": 1450000
      },
      {
        "trade_id": "2025-11-02 09:31:29",
        "timestamp": "2025-11-02 09:31:29",
        "asset_id": "96266748697651737130277097430118763270546167277640476565291556454140279939678",
        "side": "SELL",
        "size": 10000000,
        "price": 0.23,
        "cost": 2300000
      },
      {
        "trade_id": "2025-11-02 09:31:29",
        "timestamp": "2025-11-02 09:31:29",
        "asset_id": "96266748697651737130277097430118763270546167277640476565291556454140279939678",
        "side": "SELL",
        "size": 10000000,
        "price": 0.23,
        "cost": 2300000
      },
      {
        "trade_id": "2025-11-02 09:31:53",
        "timestamp": "2025-11-02 09:31:53",
        "asset_id": "96266748697651737130277097430118763270546167277640476565291556454140279939678",
        "side": "BUY",
        "size": 4990000,
        "price": 0.17,
        "cost": 848300.0000000001
      },
      {
        "trade_id": "2025-11-02 09:31:53",
        "timestamp": "2025-11-02 09:31:53",
        "asset_id": "96266748697651737130277097430118763270546167277640476565291556454140279939678",
        "side": "SELL",
        "size": 4990000,
        "price": 0.17,
        "cost": 848300.0000000001
      },
      {
        "trade_id": "2025-11-02 09:31:53",
        "timestamp": "2025-11-02 09:31:53",
        "asset_id": "96266748697651737130277097430118763270546167277640476565291556454140279939678",
        "side": "BUY",
        "size": 4990000,
        "price": 0.17,
        "cost": 848300.0000000001
      },
      {
        "trade_id": "2025-11-02 09:31:53",
        "timestamp": "2025-11-02 09:31:53",
        "asset_id": "96266748697651737130277097430118763270546167277640476565291556454140279939678",
        "side": "SELL",
        "size": 4990000,
        "price": 0.17,
        "cost": 848300.0000000001
      },
      {
        "trade_id": "2025-11-02 09:33:17",
        "timestamp": "2025-11-02 09:33:17",
        "asset_id": "96266748697651737130277097430118763270546167277640476565291556454140279939678",
        "side": "SELL",
        "size": 5000000,
        "price": 0.09,
        "cost": 450000
      },
      {
        "trade_id": "2025-11-02 09:33:17",
        "timestamp": "2025-11-02 09:33:17",
        "asset_id": "96266748697651737130277097430118763270546167277640476565291556454140279939678",
        "side": "SELL",
        "size": 5000000,
        "price": 0.09,
        "cost": 450000
      },
      {
        "trade_id": "2025-11-02 09:34:39",
        "timestamp": "2025-11-02 09:34:39",
        "asset_id": "96266748697651737130277097430118763270546167277640476565291556454140279939678",
        "side": "SELL",
        "size": 10000000,
        "price": 0.07,
        "cost": 700000.0000000001
      },
      {
        "trade_id": "2025-11-02 09:34:39",
        "timestamp": "2025-11-02 09:34:39",
        "asset_id": "96266748697651737130277097430118763270546167277640476565291556454140279939678",
        "side": "SELL",
        "size": 10000000,
        "price": 0.07,
        "cost": 700000.0000000001
      },
      {
        "trade_id": "2025-11-02 10:15:41",
        "timestamp": "2025-11-02 10:15:41",
        "asset_id": "94216941675847531755525465422901589630616045256401598479583724933190811594561",
        "side": "BUY",
        "size": 5000000,
        "price": 0.4,
        "cost": 2000000
      },
      {
        "trade_id": "2025-11-02 10:15:41",
        "timestamp": "2025-11-02 10:15:41",
        "asset_id": "94216941675847531755525465422901589630616045256401598479583724933190811594561",
        "side": "BUY",
        "size": 5000000,
        "price": 0.4,
        "cost": 2000000
      },
      {
        "trade_id": "2025-11-02 10:49:07",
        "timestamp": "2025-11-02 10:49:07",
        "asset_id": "71858819275750698329656256712178322164654213032625004693841990383474007139927",
        "side": "BUY",
        "size": 2520000,
        "price": 0.58,
        "cost": 1461600
      },
      {
        "trade_id": "2025-11-02 10:49:07",
        "timestamp": "2025-11-02 10:49:07",
        "asset_id": "71858819275750698329656256712178322164654213032625004693841990383474007139927",
        "side": "BUY",
        "size": 2480000,
        "price": 0.52,
        "cost": 1289600
      },
      {
        "trade_id": "2025-11-02 10:49:07",
        "timestamp": "2025-11-02 10:49:07",
        "asset_id": "71858819275750698329656256712178322164654213032625004693841990383474007139927",
        "side": "BUY",
        "size": 2520000,
        "price": 0.58,
        "cost": 1461600
      },
      {
        "trade_id": "2025-11-02 10:49:07",
        "timestamp": "2025-11-02 10:49:07",
        "asset_id": "71858819275750698329656256712178322164654213032625004693841990383474007139927",
        "side": "BUY",
        "size": 2520000,
        "price": 0.58,
        "cost": 1461600
      },
      {
        "trade_id": "2025-11-02 10:49:07",
        "timestamp": "2025-11-02 10:49:07",
        "asset_id": "71858819275750698329656256712178322164654213032625004693841990383474007139927",
        "side": "BUY",
        "size": 2480000,
        "price": 0.52,
        "cost": 1289600
      },
      {
        "trade_id": "2025-11-02 10:49:07",
        "timestamp": "2025-11-02 10:49:07",
        "asset_id": "71858819275750698329656256712178322164654213032625004693841990383474007139927",
        "side": "BUY",
        "size": 2480000,
        "price": 0.52,
        "cost": 1289600
      },
      {
        "trade_id": "2025-11-02 18:30:31",
        "timestamp": "2025-11-02 18:30:31",
        "asset_id": "62883608606268446104161792860286983867922207777455317319861057678083745664585",
        "side": "SELL",
        "size": 3000000,
        "price": 0.45,
        "cost": 1350000
      },
      {
        "trade_id": "2025-11-02 18:30:31",
        "timestamp": "2025-11-02 18:30:31",
        "asset_id": "62883608606268446104161792860286983867922207777455317319861057678083745664585",
        "side": "SELL",
        "size": 2000000,
        "price": 0.45,
        "cost": 900000
      },
      {
        "trade_id": "2025-11-02 18:32:05",
        "timestamp": "2025-11-02 18:32:05",
        "asset_id": "62883608606268446104161792860286983867922207777455317319861057678083745664585",
        "side": "SELL",
        "size": 5000000,
        "price": 0.57,
        "cost": 2849999.9999999995
      },
      {
        "trade_id": "2025-11-02 18:32:05",
        "timestamp": "2025-11-02 18:32:05",
        "asset_id": "62883608606268446104161792860286983867922207777455317319861057678083745664585",
        "side": "SELL",
        "size": 5000000,
        "price": 0.57,
        "cost": 2849999.9999999995
      },
      {
        "trade_id": "2025-11-02 18:32:05",
        "timestamp": "2025-11-02 18:32:05",
        "asset_id": "62883608606268446104161792860286983867922207777455317319861057678083745664585",
        "side": "SELL",
        "size": 5000000,
        "price": 0.57,
        "cost": 2849999.9999999995
      },
      {
        "trade_id": "2025-11-02 18:34:33",
        "timestamp": "2025-11-02 18:34:33",
        "asset_id": "62883608606268446104161792860286983867922207777455317319861057678083745664585",
        "side": "SELL",
        "size": 21000000,
        "price": 0.46,
        "cost": 9660000
      },
      {
        "trade_id": "2025-11-02 18:34:33",
        "timestamp": "2025-11-02 18:34:33",
        "asset_id": "62883608606268446104161792860286983867922207777455317319861057678083745664585",
        "side": "SELL",
        "size": 4000000,
        "price": 0.46,
        "cost": 1840000
      },
      {
        "trade_id": "2025-11-02 18:34:33",
        "timestamp": "2025-11-02 18:34:33",
        "asset_id": "62883608606268446104161792860286983867922207777455317319861057678083745664585",
        "side": "SELL",
        "size": 21000000,
        "price": 0.46,
        "cost": 9660000
      },
      {
        "trade_id": "2025-11-02 18:34:33",
        "timestamp": "2025-11-02 18:34:33",
        "asset_id": "62883608606268446104161792860286983867922207777455317319861057678083745664585",
        "side": "SELL",
        "size": 21000000,
        "price": 0.46,
        "cost": 9660000
      },
      {
        "trade_id": "2025-11-02 18:34:33",
        "timestamp": "2025-11-02 18:34:33",
        "asset_id": "62883608606268446104161792860286983867922207777455317319861057678083745664585",
        "side": "SELL",
        "size": 4000000,
        "price": 0.46,
        "cost": 1840000
      },
      {
        "trade_id": "2025-11-02 18:34:33",
        "timestamp": "2025-11-02 18:34:33",
        "asset_id": "62883608606268446104161792860286983867922207777455317319861057678083745664585",
        "side": "SELL",
        "size": 4000000,
        "price": 0.46,
        "cost": 1840000
      },
      {
        "trade_id": "2025-11-02 18:36:51",
        "timestamp": "2025-11-02 18:36:51",
        "asset_id": "62883608606268446104161792860286983867922207777455317319861057678083745664585",
        "side": "SELL",
        "size": 5181817,
        "price": 0.43999990736839995,
        "cost": 2279999
      },
      {
        "trade_id": "2025-11-02 18:36:51",
        "timestamp": "2025-11-02 18:36:51",
        "asset_id": "62883608606268446104161792860286983867922207777455317319861057678083745664585",
        "side": "SELL",
        "size": 5181817,
        "price": 0.43999990736839995,
        "cost": 2279999
      },
      {
        "trade_id": "2025-11-02 18:36:51",
        "timestamp": "2025-11-02 18:36:51",
        "asset_id": "62883608606268446104161792860286983867922207777455317319861057678083745664585",
        "side": "SELL",
        "size": 5181817,
        "price": 0.43999990736839995,
        "cost": 2279999
      },
      {
        "trade_id": "2025-11-02 18:36:55",
        "timestamp": "2025-11-02 18:36:55",
        "asset_id": "62883608606268446104161792860286983867922207777455317319861057678083745664585",
        "side": "BUY",
        "size": 5000000,
        "price": 0.45,
        "cost": 2250000
      },
      {
        "trade_id": "2025-11-02 18:36:55",
        "timestamp": "2025-11-02 18:36:55",
        "asset_id": "62883608606268446104161792860286983867922207777455317319861057678083745664585",
        "side": "BUY",
        "size": 5000000,
        "price": 0.45,
        "cost": 2250000
      },
      {
        "trade_id": "2025-11-02 18:36:55",
        "timestamp": "2025-11-02 18:36:55",
        "asset_id": "62883608606268446104161792860286983867922207777455317319861057678083745664585",
        "side": "BUY",
        "size": 5000000,
        "price": 0.45,
        "cost": 2250000
      },
      {
        "trade_id": "2025-11-02 18:37:35",
        "timestamp": "2025-11-02 18:37:35",
        "asset_id": "62883608606268446104161792860286983867922207777455317319861057678083745664585",
        "side": "SELL",
        "size": 5742092,
        "price": 0.4299999024745685,
        "cost": 2469099
      },
      {
        "trade_id": "2025-11-02 18:37:35",
        "timestamp": "2025-11-02 18:37:35",
        "asset_id": "62883608606268446104161792860286983867922207777455317319861057678083745664585",
        "side": "SELL",
        "size": 5742092,
        "price": 0.4299999024745685,
        "cost": 2469099
      },
      {
        "trade_id": "2025-11-02 18:37:35",
        "timestamp": "2025-11-02 18:37:35",
        "asset_id": "62883608606268446104161792860286983867922207777455317319861057678083745664585",
        "side": "SELL",
        "size": 5742092,
        "price": 0.4299999024745685,
        "cost": 2469099
      },
      {
        "trade_id": "2025-11-02 18:37:49",
        "timestamp": "2025-11-02 18:37:49",
        "asset_id": "62883608606268446104161792860286983867922207777455317319861057678083745664585",
        "side": "SELL",
        "size": 11270832,
        "price": 0.47999996805914596,
        "cost": 5409999
      },
      {
        "trade_id": "2025-11-02 18:37:49",
        "timestamp": "2025-11-02 18:37:49",
        "asset_id": "62883608606268446104161792860286983867922207777455317319861057678083745664585",
        "side": "SELL",
        "size": 11270832,
        "price": 0.47999996805914596,
        "cost": 5409999
      },
      {
        "trade_id": "2025-11-02 18:37:49",
        "timestamp": "2025-11-02 18:37:49",
        "asset_id": "62883608606268446104161792860286983867922207777455317319861057678083745664585",
        "side": "SELL",
        "size": 11270832,
        "price": 0.47999996805914596,
        "cost": 5409999
      },
      {
        "trade_id": "2025-11-02 18:37:51",
        "timestamp": "2025-11-02 18:37:51",
        "asset_id": "62883608606268446104161792860286983867922207777455317319861057678083745664585",
        "side": "SELL",
        "size": 2790000,
        "price": 0.48,
        "cost": 1339200
      },
      {
        "trade_id": "2025-11-02 18:37:51",
        "timestamp": "2025-11-02 18:37:51",
        "asset_id": "62883608606268446104161792860286983867922207777455317319861057678083745664585",
        "side": "BUY",
        "size": 5000000,
        "price": 0.5,
        "cost": 2500000
      },
      {
        "trade_id": "2025-11-02 18:37:51",
        "timestamp": "2025-11-02 18:37:51",
        "asset_id": "62883608606268446104161792860286983867922207777455317319861057678083745664585",
        "side": "SELL",
        "size": 2790000,
        "price": 0.48,
        "cost": 1339200
      },
      {
        "trade_id": "2025-11-02 18:37:51",
        "timestamp": "2025-11-02 18:37:51",
        "asset_id": "62883608606268446104161792860286983867922207777455317319861057678083745664585",
        "side": "SELL",
        "size": 2790000,
        "price": 0.48,
        "cost": 1339200
      },
      {
        "trade_id": "2025-11-02 18:37:51",
        "timestamp": "2025-11-02 18:37:51",
        "asset_id": "62883608606268446104161792860286983867922207777455317319861057678083745664585",
        "side": "BUY",
        "size": 5000000,
        "price": 0.5,
        "cost": 2500000
      },
      {
        "trade_id": "2025-11-02 18:37:51",
        "timestamp": "2025-11-02 18:37:51",
        "asset_id": "62883608606268446104161792860286983867922207777455317319861057678083745664585",
        "side": "BUY",
        "size": 5000000,
        "price": 0.5,
        "cost": 2500000
      },
      {
        "trade_id": "2025-11-02 18:37:55",
        "timestamp": "2025-11-02 18:37:55",
        "asset_id": "62883608606268446104161792860286983867922207777455317319861057678083745664585",
        "side": "BUY",
        "size": 5000000,
        "price": 0.63,
        "cost": 3150000
      },
      {
        "trade_id": "2025-11-02 18:37:55",
        "timestamp": "2025-11-02 18:37:55",
        "asset_id": "62883608606268446104161792860286983867922207777455317319861057678083745664585",
        "side": "BUY",
        "size": 5000000,
        "price": 0.63,
        "cost": 3150000
      },
      {
        "trade_id": "2025-11-02 18:37:55",
        "timestamp": "2025-11-02 18:37:55",
        "asset_id": "62883608606268446104161792860286983867922207777455317319861057678083745664585",
        "side": "BUY",
        "size": 5000000,
        "price": 0.63,
        "cost": 3150000
      },
      {
        "trade_id": "2025-11-02 18:38:37",
        "timestamp": "2025-11-02 18:38:37",
        "asset_id": "62883608606268446104161792860286983867922207777455317319861057678083745664585",
        "side": "SELL",
        "size": 17000000,
        "price": 0.45,
        "cost": 7650000
      },
      {
        "trade_id": "2025-11-02 18:38:37",
        "timestamp": "2025-11-02 18:38:37",
        "asset_id": "62883608606268446104161792860286983867922207777455317319861057678083745664585",
        "side": "SELL",
        "size": 13010000,
        "price": 0.45,
        "cost": 5854500
      },
      {
        "trade_id": "2025-11-02 18:38:37",
        "timestamp": "2025-11-02 18:38:37",
        "asset_id": "62883608606268446104161792860286983867922207777455317319861057678083745664585",
        "side": "SELL",
        "size": 17000000,
        "price": 0.45,
        "cost": 7650000
      },
      {
        "trade_id": "2025-11-02 18:38:37",
        "timestamp": "2025-11-02 18:38:37",
        "asset_id": "62883608606268446104161792860286983867922207777455317319861057678083745664585",
        "side": "SELL",
        "size": 17000000,
        "price": 0.45,
        "cost": 7650000
      },
      {
        "trade_id": "2025-11-02 18:38:37",
        "timestamp": "2025-11-02 18:38:37",
        "asset_id": "62883608606268446104161792860286983867922207777455317319861057678083745664585",
        "side": "SELL",
        "size": 13010000,
        "price": 0.45,
        "cost": 5854500
      },
      {
        "trade_id": "2025-11-02 18:38:37",
        "timestamp": "2025-11-02 18:38:37",
        "asset_id": "62883608606268446104161792860286983867922207777455317319861057678083745664585",
        "side": "SELL",
        "size": 13010000,
        "price": 0.45,
        "cost": 5854500
      },
      {
        "trade_id": "2025-11-02 18:39:39",
        "timestamp": "2025-11-02 18:39:39",
        "asset_id": "62883608606268446104161792860286983867922207777455317319861057678083745664585",
        "side": "SELL",
        "size": 10000000,
        "price": 0.18,
        "cost": 1800000
      },
      {
        "trade_id": "2025-11-02 18:39:39",
        "timestamp": "2025-11-02 18:39:39",
        "asset_id": "62883608606268446104161792860286983867922207777455317319861057678083745664585",
        "side": "SELL",
        "size": 10000000,
        "price": 0.18,
        "cost": 1800000
      },
      {
        "trade_id": "2025-11-02 18:39:39",
        "timestamp": "2025-11-02 18:39:39",
        "asset_id": "62883608606268446104161792860286983867922207777455317319861057678083745664585",
        "side": "SELL",
        "size": 10000000,
        "price": 0.18,
        "cost": 1800000
      },
      {
        "trade_id": "2025-11-02 19:09:17",
        "timestamp": "2025-11-02 19:09:17",
        "asset_id": "68398169125923973432409676801813793004166681023918512495200935378828265919765",
        "side": "SELL",
        "size": 1260000,
        "price": 0.05,
        "cost": 63000
      },
      {
        "trade_id": "2025-11-02 19:09:17",
        "timestamp": "2025-11-02 19:09:17",
        "asset_id": "68398169125923973432409676801813793004166681023918512495200935378828265919765",
        "side": "BUY",
        "size": 1260000,
        "price": 0.05,
        "cost": 63000
      },
      {
        "trade_id": "2025-11-02 19:09:17",
        "timestamp": "2025-11-02 19:09:17",
        "asset_id": "68398169125923973432409676801813793004166681023918512495200935378828265919765",
        "side": "SELL",
        "size": 1260000,
        "price": 0.05,
        "cost": 63000
      },
      {
        "trade_id": "2025-11-02 19:09:17",
        "timestamp": "2025-11-02 19:09:17",
        "asset_id": "68398169125923973432409676801813793004166681023918512495200935378828265919765",
        "side": "SELL",
        "size": 1260000,
        "price": 0.05,
        "cost": 63000
      },
      {
        "trade_id": "2025-11-02 19:09:17",
        "timestamp": "2025-11-02 19:09:17",
        "asset_id": "68398169125923973432409676801813793004166681023918512495200935378828265919765",
        "side": "BUY",
        "size": 1260000,
        "price": 0.05,
        "cost": 63000
      },
      {
        "trade_id": "2025-11-02 19:09:17",
        "timestamp": "2025-11-02 19:09:17",
        "asset_id": "68398169125923973432409676801813793004166681023918512495200935378828265919765",
        "side": "BUY",
        "size": 1260000,
        "price": 0.05,
        "cost": 63000
      },
      {
        "trade_id": "2025-11-03 07:17:11",
        "timestamp": "2025-11-03 07:17:11",
        "asset_id": "114927778651307506320171490090026720157594316476933094233087886614168933129880",
        "side": "BUY",
        "size": 5000000,
        "price": 0.55,
        "cost": 2750000
      },
      {
        "trade_id": "2025-11-03 07:17:11",
        "timestamp": "2025-11-03 07:17:11",
        "asset_id": "114927778651307506320171490090026720157594316476933094233087886614168933129880",
        "side": "BUY",
        "size": 5000000,
        "price": 0.55,
        "cost": 2750000
      },
      {
        "trade_id": "2025-11-03 08:32:09",
        "timestamp": "2025-11-03 08:32:09",
        "asset_id": "74463691277403346776861983570845143355199357452672689588138631459149035152869",
        "side": "BUY",
        "size": 5000000,
        "price": 0.59,
        "cost": 2950000
      },
      {
        "trade_id": "2025-11-03 08:41:21",
        "timestamp": "2025-11-03 08:41:21",
        "asset_id": "74463691277403346776861983570845143355199357452672689588138631459149035152869",
        "side": "SELL",
        "size": 71450000,
        "price": 0.15223932820153954,
        "cost": 10877500
      },
      {
        "trade_id": "2025-11-03 08:41:21",
        "timestamp": "2025-11-03 08:41:21",
        "asset_id": "74463691277403346776861983570845143355199357452672689588138631459149035152869",
        "side": "BUY",
        "size": 13350000,
        "price": 0.15,
        "cost": 2002500
      },
      {
        "trade_id": "2025-11-03 08:41:21",
        "timestamp": "2025-11-03 08:41:21",
        "asset_id": "74463691277403346776861983570845143355199357452672689588138631459149035152869",
        "side": "BUY",
        "size": 10000000,
        "price": 0.15,
        "cost": 1500000
      },
      {
        "trade_id": "2025-11-03 08:41:21",
        "timestamp": "2025-11-03 08:41:21",
        "asset_id": "74463691277403346776861983570845143355199357452672689588138631459149035152869",
        "side": "BUY",
        "size": 32100000,
        "price": 0.15,
        "cost": 4815000
      },
      {
        "trade_id": "2025-11-03 08:41:21",
        "timestamp": "2025-11-03 08:41:21",
        "asset_id": "74463691277403346776861983570845143355199357452672689588138631459149035152869",
        "side": "SELL",
        "size": 71450000,
        "price": 0.15223932820153954,
        "cost": 10877500
      },
      {
        "trade_id": "2025-11-03 08:41:21",
        "timestamp": "2025-11-03 08:41:21",
        "asset_id": "74463691277403346776861983570845143355199357452672689588138631459149035152869",
        "side": "SELL",
        "size": 71450000,
        "price": 0.15223932820153954,
        "cost": 10877500
      },
      {
        "trade_id": "2025-11-03 08:41:21",
        "timestamp": "2025-11-03 08:41:21",
        "asset_id": "74463691277403346776861983570845143355199357452672689588138631459149035152869",
        "side": "BUY",
        "size": 13350000,
        "price": 0.15,
        "cost": 2002500
      },
      {
        "trade_id": "2025-11-03 08:41:21",
        "timestamp": "2025-11-03 08:41:21",
        "asset_id": "74463691277403346776861983570845143355199357452672689588138631459149035152869",
        "side": "BUY",
        "size": 13350000,
        "price": 0.15,
        "cost": 2002500
      },
      {
        "trade_id": "2025-11-03 08:41:21",
        "timestamp": "2025-11-03 08:41:21",
        "asset_id": "74463691277403346776861983570845143355199357452672689588138631459149035152869",
        "side": "BUY",
        "size": 10000000,
        "price": 0.15,
        "cost": 1500000
      },
      {
        "trade_id": "2025-11-03 08:41:21",
        "timestamp": "2025-11-03 08:41:21",
        "asset_id": "74463691277403346776861983570845143355199357452672689588138631459149035152869",
        "side": "BUY",
        "size": 10000000,
        "price": 0.15,
        "cost": 1500000
      },
      {
        "trade_id": "2025-11-03 08:41:21",
        "timestamp": "2025-11-03 08:41:21",
        "asset_id": "74463691277403346776861983570845143355199357452672689588138631459149035152869",
        "side": "BUY",
        "size": 32100000,
        "price": 0.15,
        "cost": 4815000
      },
      {
        "trade_id": "2025-11-03 08:41:21",
        "timestamp": "2025-11-03 08:41:21",
        "asset_id": "74463691277403346776861983570845143355199357452672689588138631459149035152869",
        "side": "BUY",
        "size": 32100000,
        "price": 0.15,
        "cost": 4815000
      },
      {
        "trade_id": "2025-11-03 09:25:11",
        "timestamp": "2025-11-03 09:25:11",
        "asset_id": "106234887477072512111052845974969936723568654856413507245133670044135046818226",
        "side": "SELL",
        "size": 15800000,
        "price": 0.01,
        "cost": 158000
      },
      {
        "trade_id": "2025-11-03 09:25:11",
        "timestamp": "2025-11-03 09:25:11",
        "asset_id": "106234887477072512111052845974969936723568654856413507245133670044135046818226",
        "side": "BUY",
        "size": 6000000,
        "price": 0.01,
        "cost": 60000
      },
      {
        "trade_id": "2025-11-03 09:25:11",
        "timestamp": "2025-11-03 09:25:11",
        "asset_id": "106234887477072512111052845974969936723568654856413507245133670044135046818226",
        "side": "SELL",
        "size": 15800000,
        "price": 0.01,
        "cost": 158000
      },
      {
        "trade_id": "2025-11-03 09:25:11",
        "timestamp": "2025-11-03 09:25:11",
        "asset_id": "106234887477072512111052845974969936723568654856413507245133670044135046818226",
        "side": "SELL",
        "size": 15800000,
        "price": 0.01,
        "cost": 158000
      },
      {
        "trade_id": "2025-11-03 09:25:11",
        "timestamp": "2025-11-03 09:25:11",
        "asset_id": "106234887477072512111052845974969936723568654856413507245133670044135046818226",
        "side": "BUY",
        "size": 6000000,
        "price": 0.01,
        "cost": 60000
      },
      {
        "trade_id": "2025-11-03 09:25:11",
        "timestamp": "2025-11-03 09:25:11",
        "asset_id": "106234887477072512111052845974969936723568654856413507245133670044135046818226",
        "side": "BUY",
        "size": 6000000,
        "price": 0.01,
        "cost": 60000
      },
      {
        "trade_id": "2025-11-03 10:14:39",
        "timestamp": "2025-11-03 10:14:39",
        "asset_id": "4993401414201763407534517241789890784515044443444711674879451230889277369582",
        "side": "BUY",
        "size": 5000000,
        "price": 0.5,
        "cost": 2500000
      },
      {
        "trade_id": "2025-11-03 10:16:41",
        "timestamp": "2025-11-03 10:16:41",
        "asset_id": "4993401414201763407534517241789890784515044443444711674879451230889277369582",
        "side": "SELL",
        "size": 2510000,
        "price": 0.5,
        "cost": 1255000
      },
      {
        "trade_id": "2025-11-03 10:16:41",
        "timestamp": "2025-11-03 10:16:41",
        "asset_id": "4993401414201763407534517241789890784515044443444711674879451230889277369582",
        "side": "BUY",
        "size": 2510000,
        "price": 0.5,
        "cost": 1255000
      },
      {
        "trade_id": "2025-11-03 10:46:43",
        "timestamp": "2025-11-03 10:46:43",
        "asset_id": "76612087060503720862703775135520271318981363725799431007854529498034544488873",
        "side": "BUY",
        "size": 5000000,
        "price": 0.37,
        "cost": 1850000
      },
      {
        "trade_id": "2025-11-03 10:47:25",
        "timestamp": "2025-11-03 10:47:25",
        "asset_id": "76612087060503720862703775135520271318981363725799431007854529498034544488873",
        "side": "BUY",
        "size": 4000000,
        "price": 0.4,
        "cost": 1600000
      },
      {
        "trade_id": "2025-11-03 10:47:25",
        "timestamp": "2025-11-03 10:47:25",
        "asset_id": "76612087060503720862703775135520271318981363725799431007854529498034544488873",
        "side": "BUY",
        "size": 1000000,
        "price": 0.39,
        "cost": 390000
      },
      {
        "trade_id": "2025-11-03 11:01:23",
        "timestamp": "2025-11-03 11:01:23",
        "asset_id": "70959078653026795222855545237085980985738255613462520477530320346732465228557",
        "side": "BUY",
        "size": 5000000,
        "price": 0.7,
        "cost": 3500000
      },
      {
        "trade_id": "2025-11-03 11:01:23",
        "timestamp": "2025-11-03 11:01:23",
        "asset_id": "70959078653026795222855545237085980985738255613462520477530320346732465228557",
        "side": "BUY",
        "size": 5000000,
        "price": 0.7,
        "cost": 3500000
      },
      {
        "trade_id": "2025-11-03 11:01:23",
        "timestamp": "2025-11-03 11:01:23",
        "asset_id": "70959078653026795222855545237085980985738255613462520477530320346732465228557",
        "side": "BUY",
        "size": 5000000,
        "price": 0.7,
        "cost": 3500000
      },
      {
        "trade_id": "2025-11-03 11:03:45",
        "timestamp": "2025-11-03 11:03:45",
        "asset_id": "70959078653026795222855545237085980985738255613462520477530320346732465228557",
        "side": "BUY",
        "size": 10000000,
        "price": 0.91,
        "cost": 9100000
      },
      {
        "trade_id": "2025-11-03 11:03:45",
        "timestamp": "2025-11-03 11:03:45",
        "asset_id": "70959078653026795222855545237085980985738255613462520477530320346732465228557",
        "side": "BUY",
        "size": 28570000,
        "price": 0.88,
        "cost": 25141600
      },
      {
        "trade_id": "2025-11-03 11:03:45",
        "timestamp": "2025-11-03 11:03:45",
        "asset_id": "70959078653026795222855545237085980985738255613462520477530320346732465228557",
        "side": "SELL",
        "size": 98570000,
        "price": 0.9033336715024856,
        "cost": 89041600
      },
      {
        "trade_id": "2025-11-03 11:03:45",
        "timestamp": "2025-11-03 11:03:45",
        "asset_id": "70959078653026795222855545237085980985738255613462520477530320346732465228557",
        "side": "BUY",
        "size": 10000000,
        "price": 0.92,
        "cost": 9200000
      },
      {
        "trade_id": "2025-11-03 11:03:45",
        "timestamp": "2025-11-03 11:03:45",
        "asset_id": "70959078653026795222855545237085980985738255613462520477530320346732465228557",
        "side": "BUY",
        "size": 10000000,
        "price": 0.92,
        "cost": 9200000
      },
      {
        "trade_id": "2025-11-03 11:03:45",
        "timestamp": "2025-11-03 11:03:45",
        "asset_id": "70959078653026795222855545237085980985738255613462520477530320346732465228557",
        "side": "BUY",
        "size": 5000000,
        "price": 0.91,
        "cost": 4550000
      },
      {
        "trade_id": "2025-11-03 11:03:45",
        "timestamp": "2025-11-03 11:03:45",
        "asset_id": "70959078653026795222855545237085980985738255613462520477530320346732465228557",
        "side": "BUY",
        "size": 10000000,
        "price": 0.91,
        "cost": 9100000
      },
      {
        "trade_id": "2025-11-03 11:03:45",
        "timestamp": "2025-11-03 11:03:45",
        "asset_id": "70959078653026795222855545237085980985738255613462520477530320346732465228557",
        "side": "BUY",
        "size": 10000000,
        "price": 0.91,
        "cost": 9100000
      },
      {
        "trade_id": "2025-11-03 11:03:45",
        "timestamp": "2025-11-03 11:03:45",
        "asset_id": "70959078653026795222855545237085980985738255613462520477530320346732465228557",
        "side": "BUY",
        "size": 10000000,
        "price": 0.91,
        "cost": 9100000
      },
      {
        "trade_id": "2025-11-03 11:03:45",
        "timestamp": "2025-11-03 11:03:45",
        "asset_id": "70959078653026795222855545237085980985738255613462520477530320346732465228557",
        "side": "BUY",
        "size": 10000000,
        "price": 0.91,
        "cost": 9100000
      },
      {
        "trade_id": "2025-11-03 11:03:45",
        "timestamp": "2025-11-03 11:03:45",
        "asset_id": "70959078653026795222855545237085980985738255613462520477530320346732465228557",
        "side": "BUY",
        "size": 10000000,
        "price": 0.91,
        "cost": 9100000
      },
      {
        "trade_id": "2025-11-03 11:03:45",
        "timestamp": "2025-11-03 11:03:45",
        "asset_id": "70959078653026795222855545237085980985738255613462520477530320346732465228557",
        "side": "BUY",
        "size": 28570000,
        "price": 0.88,
        "cost": 25141600
      },
      {
        "trade_id": "2025-11-03 11:03:45",
        "timestamp": "2025-11-03 11:03:45",
        "asset_id": "70959078653026795222855545237085980985738255613462520477530320346732465228557",
        "side": "BUY",
        "size": 28570000,
        "price": 0.88,
        "cost": 25141600
      },
      {
        "trade_id": "2025-11-03 11:03:45",
        "timestamp": "2025-11-03 11:03:45",
        "asset_id": "70959078653026795222855545237085980985738255613462520477530320346732465228557",
        "side": "SELL",
        "size": 98570000,
        "price": 0.9033336715024856,
        "cost": 89041600
      },
      {
        "trade_id": "2025-11-03 11:03:45",
        "timestamp": "2025-11-03 11:03:45",
        "asset_id": "70959078653026795222855545237085980985738255613462520477530320346732465228557",
        "side": "SELL",
        "size": 98570000,
        "price": 0.9033336715024856,
        "cost": 89041600
      },
      {
        "trade_id": "2025-11-03 11:03:45",
        "timestamp": "2025-11-03 11:03:45",
        "asset_id": "70959078653026795222855545237085980985738255613462520477530320346732465228557",
        "side": "BUY",
        "size": 10000000,
        "price": 0.92,
        "cost": 9200000
      },
      {
        "trade_id": "2025-11-03 11:03:45",
        "timestamp": "2025-11-03 11:03:45",
        "asset_id": "70959078653026795222855545237085980985738255613462520477530320346732465228557",
        "side": "BUY",
        "size": 10000000,
        "price": 0.92,
        "cost": 9200000
      },
      {
        "trade_id": "2025-11-03 11:03:45",
        "timestamp": "2025-11-03 11:03:45",
        "asset_id": "70959078653026795222855545237085980985738255613462520477530320346732465228557",
        "side": "BUY",
        "size": 10000000,
        "price": 0.92,
        "cost": 9200000
      },
      {
        "trade_id": "2025-11-03 11:03:45",
        "timestamp": "2025-11-03 11:03:45",
        "asset_id": "70959078653026795222855545237085980985738255613462520477530320346732465228557",
        "side": "BUY",
        "size": 10000000,
        "price": 0.92,
        "cost": 9200000
      },
      {
        "trade_id": "2025-11-03 11:03:45",
        "timestamp": "2025-11-03 11:03:45",
        "asset_id": "70959078653026795222855545237085980985738255613462520477530320346732465228557",
        "side": "BUY",
        "size": 5000000,
        "price": 0.91,
        "cost": 4550000
      },
      {
        "trade_id": "2025-11-03 11:03:45",
        "timestamp": "2025-11-03 11:03:45",
        "asset_id": "70959078653026795222855545237085980985738255613462520477530320346732465228557",
        "side": "BUY",
        "size": 5000000,
        "price": 0.91,
        "cost": 4550000
      },
      {
        "trade_id": "2025-11-03 11:03:45",
        "timestamp": "2025-11-03 11:03:45",
        "asset_id": "70959078653026795222855545237085980985738255613462520477530320346732465228557",
        "side": "BUY",
        "size": 10000000,
        "price": 0.91,
        "cost": 9100000
      },
      {
        "trade_id": "2025-11-03 11:03:45",
        "timestamp": "2025-11-03 11:03:45",
        "asset_id": "70959078653026795222855545237085980985738255613462520477530320346732465228557",
        "side": "BUY",
        "size": 10000000,
        "price": 0.91,
        "cost": 9100000
      },
      {
        "trade_id": "2025-11-03 11:03:45",
        "timestamp": "2025-11-03 11:03:45",
        "asset_id": "70959078653026795222855545237085980985738255613462520477530320346732465228557",
        "side": "BUY",
        "size": 10000000,
        "price": 0.91,
        "cost": 9100000
      },
      {
        "trade_id": "2025-11-03 11:03:45",
        "timestamp": "2025-11-03 11:03:45",
        "asset_id": "70959078653026795222855545237085980985738255613462520477530320346732465228557",
        "side": "BUY",
        "size": 10000000,
        "price": 0.91,
        "cost": 9100000
      },
      {
        "trade_id": "2025-11-03 11:03:45",
        "timestamp": "2025-11-03 11:03:45",
        "asset_id": "70959078653026795222855545237085980985738255613462520477530320346732465228557",
        "side": "BUY",
        "size": 10000000,
        "price": 0.91,
        "cost": 9100000
      },
      {
        "trade_id": "2025-11-03 11:03:45",
        "timestamp": "2025-11-03 11:03:45",
        "asset_id": "70959078653026795222855545237085980985738255613462520477530320346732465228557",
        "side": "BUY",
        "size": 10000000,
        "price": 0.91,
        "cost": 9100000
      },
      {
        "trade_id": "2025-11-03 11:18:29",
        "timestamp": "2025-11-03 11:18:29",
        "asset_id": "1630983224210605436284301110251051586696516698769627100448660026354156208151",
        "side": "SELL",
        "size": 117030000,
        "price": 0.6732188327779202,
        "cost": 78786800
      },
      {
        "trade_id": "2025-11-03 11:18:29",
        "timestamp": "2025-11-03 11:18:29",
        "asset_id": "1630983224210605436284301110251051586696516698769627100448660026354156208151",
        "side": "BUY",
        "size": 10000000,
        "price": 0.7,
        "cost": 7000000
      },
      {
        "trade_id": "2025-11-03 11:18:29",
        "timestamp": "2025-11-03 11:18:29",
        "asset_id": "1630983224210605436284301110251051586696516698769627100448660026354156208151",
        "side": "BUY",
        "size": 40830000,
        "price": 0.66,
        "cost": 26947800
      },
      {
        "trade_id": "2025-11-03 11:18:29",
        "timestamp": "2025-11-03 11:18:29",
        "asset_id": "1630983224210605436284301110251051586696516698769627100448660026354156208151",
        "side": "BUY",
        "size": 15100000,
        "price": 0.68,
        "cost": 10268000
      },
      {
        "trade_id": "2025-11-03 11:18:29",
        "timestamp": "2025-11-03 11:18:29",
        "asset_id": "1630983224210605436284301110251051586696516698769627100448660026354156208151",
        "side": "BUY",
        "size": 10800000,
        "price": 0.68,
        "cost": 7344000.000000001
      },
      {
        "trade_id": "2025-11-03 11:18:29",
        "timestamp": "2025-11-03 11:18:29",
        "asset_id": "1630983224210605436284301110251051586696516698769627100448660026354156208151",
        "side": "BUY",
        "size": 8000000,
        "price": 0.68,
        "cost": 5440000
      },
      {
        "trade_id": "2025-11-03 11:18:45",
        "timestamp": "2025-11-03 11:18:45",
        "asset_id": "1630983224210605436284301110251051586696516698769627100448660026354156208151",
        "side": "BUY",
        "size": 5000000,
        "price": 0.77,
        "cost": 3850000
      },
      {
        "trade_id": "2025-11-03 11:18:45",
        "timestamp": "2025-11-03 11:18:45",
        "asset_id": "1630983224210605436284301110251051586696516698769627100448660026354156208151",
        "side": "SELL",
        "size": 13040000,
        "price": 0.77,
        "cost": 10040800
      },
      {
        "trade_id": "2025-11-03 11:18:45",
        "timestamp": "2025-11-03 11:18:45",
        "asset_id": "1630983224210605436284301110251051586696516698769627100448660026354156208151",
        "side": "BUY",
        "size": 8040000,
        "price": 0.77,
        "cost": 6190800
      },
      {
        "trade_id": "2025-11-03 11:19:07",
        "timestamp": "2025-11-03 11:19:07",
        "asset_id": "1630983224210605436284301110251051586696516698769627100448660026354156208151",
        "side": "SELL",
        "size": 10000000,
        "price": 0.75,
        "cost": 7500000
      },
      {
        "trade_id": "2025-11-03 11:19:07",
        "timestamp": "2025-11-03 11:19:07",
        "asset_id": "1630983224210605436284301110251051586696516698769627100448660026354156208151",
        "side": "BUY",
        "size": 10000000,
        "price": 0.75,
        "cost": 7500000
      },
      {
        "trade_id": "2025-11-03 11:20:03",
        "timestamp": "2025-11-03 11:20:03",
        "asset_id": "1630983224210605436284301110251051586696516698769627100448660026354156208151",
        "side": "BUY",
        "size": 5390000,
        "price": 0.77,
        "cost": 4150300
      },
      {
        "trade_id": "2025-11-03 11:20:03",
        "timestamp": "2025-11-03 11:20:03",
        "asset_id": "1630983224210605436284301110251051586696516698769627100448660026354156208151",
        "side": "SELL",
        "size": 5390000,
        "price": 0.77,
        "cost": 4150300
      },
      {
        "trade_id": "2025-11-03 11:31:55",
        "timestamp": "2025-11-03 11:31:55",
        "asset_id": "49227901094012563486032062273615748564935435628963202711952526210289304737801",
        "side": "BUY",
        "size": 5000000,
        "price": 0.62,
        "cost": 3100000
      },
      {
        "trade_id": "2025-11-03 11:46:43",
        "timestamp": "2025-11-03 11:46:43",
        "asset_id": "108446800204444747733279769225037459269236337181276462619355231486310737768725",
        "side": "BUY",
        "size": 5000000,
        "price": 0.45,
        "cost": 2250000
      },
      {
        "trade_id": "2025-11-03 11:47:29",
        "timestamp": "2025-11-03 11:47:29",
        "asset_id": "108446800204444747733279769225037459269236337181276462619355231486310737768725",
        "side": "BUY",
        "size": 5000000,
        "price": 0.43,
        "cost": 2150000
      },
      {
        "trade_id": "2025-11-03 11:48:47",
        "timestamp": "2025-11-03 11:48:47",
        "asset_id": "108446800204444747733279769225037459269236337181276462619355231486310737768725",
        "side": "BUY",
        "size": 5000000,
        "price": 0.66,
        "cost": 3300000
      },
      {
        "trade_id": "2025-11-03 11:49:23",
        "timestamp": "2025-11-03 11:49:23",
        "asset_id": "108446800204444747733279769225037459269236337181276462619355231486310737768725",
        "side": "BUY",
        "size": 3000000,
        "price": 0.75,
        "cost": 2250000
      },
      {
        "trade_id": "2025-11-03 11:49:23",
        "timestamp": "2025-11-03 11:49:23",
        "asset_id": "108446800204444747733279769225037459269236337181276462619355231486310737768725",
        "side": "SELL",
        "size": 3000000,
        "price": 0.75,
        "cost": 2250000
      },
      {
        "trade_id": "2025-11-03 11:51:25",
        "timestamp": "2025-11-03 11:51:25",
        "asset_id": "108446800204444747733279769225037459269236337181276462619355231486310737768725",
        "side": "SELL",
        "size": 10000000,
        "price": 0.67,
        "cost": 6700000
      },
      {
        "trade_id": "2025-11-03 11:51:25",
        "timestamp": "2025-11-03 11:51:25",
        "asset_id": "108446800204444747733279769225037459269236337181276462619355231486310737768725",
        "side": "BUY",
        "size": 10000000,
        "price": 0.67,
        "cost": 6700000
      },
      {
        "trade_id": "2025-11-03 11:51:25",
        "timestamp": "2025-11-03 11:51:25",
        "asset_id": "108446800204444747733279769225037459269236337181276462619355231486310737768725",
        "side": "SELL",
        "size": 10000000,
        "price": 0.67,
        "cost": 6700000
      },
      {
        "trade_id": "2025-11-03 11:51:25",
        "timestamp": "2025-11-03 11:51:25",
        "asset_id": "108446800204444747733279769225037459269236337181276462619355231486310737768725",
        "side": "SELL",
        "size": 10000000,
        "price": 0.67,
        "cost": 6700000
      },
      {
        "trade_id": "2025-11-03 11:51:25",
        "timestamp": "2025-11-03 11:51:25",
        "asset_id": "108446800204444747733279769225037459269236337181276462619355231486310737768725",
        "side": "BUY",
        "size": 10000000,
        "price": 0.67,
        "cost": 6700000
      },
      {
        "trade_id": "2025-11-03 11:51:25",
        "timestamp": "2025-11-03 11:51:25",
        "asset_id": "108446800204444747733279769225037459269236337181276462619355231486310737768725",
        "side": "BUY",
        "size": 10000000,
        "price": 0.67,
        "cost": 6700000
      },
      {
        "trade_id": "2025-11-04 03:04:47",
        "timestamp": "2025-11-04 03:04:47",
        "asset_id": "76017774710855621378778096649731775516914788813838911207179478132735336556721",
        "side": "BUY",
        "size": 2000000,
        "price": 0.51,
        "cost": 1020000
      },
      {
        "trade_id": "2025-11-04 03:04:47",
        "timestamp": "2025-11-04 03:04:47",
        "asset_id": "76017774710855621378778096649731775516914788813838911207179478132735336556721",
        "side": "BUY",
        "size": 2000000,
        "price": 0.51,
        "cost": 1020000
      },
      {
        "trade_id": "2025-11-04 03:04:47",
        "timestamp": "2025-11-04 03:04:47",
        "asset_id": "76017774710855621378778096649731775516914788813838911207179478132735336556721",
        "side": "BUY",
        "size": 2000000,
        "price": 0.51,
        "cost": 1020000
      },
      {
        "trade_id": "2025-11-04 03:04:47",
        "timestamp": "2025-11-04 03:04:47",
        "asset_id": "76017774710855621378778096649731775516914788813838911207179478132735336556721",
        "side": "BUY",
        "size": 2000000,
        "price": 0.51,
        "cost": 1020000
      },
      {
        "trade_id": "2025-11-04 03:04:47",
        "timestamp": "2025-11-04 03:04:47",
        "asset_id": "76017774710855621378778096649731775516914788813838911207179478132735336556721",
        "side": "SELL",
        "size": 2000000,
        "price": 0.51,
        "cost": 1020000
      },
      {
        "trade_id": "2025-11-04 03:04:47",
        "timestamp": "2025-11-04 03:04:47",
        "asset_id": "76017774710855621378778096649731775516914788813838911207179478132735336556721",
        "side": "SELL",
        "size": 2000000,
        "price": 0.51,
        "cost": 1020000
      },
      {
        "trade_id": "2025-11-04 03:04:47",
        "timestamp": "2025-11-04 03:04:47",
        "asset_id": "76017774710855621378778096649731775516914788813838911207179478132735336556721",
        "side": "SELL",
        "size": 2000000,
        "price": 0.51,
        "cost": 1020000
      },
      {
        "trade_id": "2025-11-04 03:04:47",
        "timestamp": "2025-11-04 03:04:47",
        "asset_id": "76017774710855621378778096649731775516914788813838911207179478132735336556721",
        "side": "SELL",
