[
  {
    "fill_id": "0xaa5d34c1b31c74b4da6989e51ae50369c9c6dd8a6c9c8ca636e0db43f0b9fe98_0x3a47cec5315f1dba0567bc5e854c7b4164fc2072b4bef7908c585e54a3f451cc",
    "condition_id": "0xc68fce919a7f2836e607b4775777f7bbd9e995d1e6d764408ed0350802abb3db",
    "market_slug": "",
    "outcome": "",
    "side": "BUY",
    "price": 0.041,
    "size": 1000000000,
    "timestamp": "2024-10-31 02:32:39",
    "notional_value": 41000000
  },
  {
    "fill_id": "0xaa5d34c1b31c74b4da6989e51ae50369c9c6dd8a6c9c8ca636e0db43f0b9fe98_0x3a47cec5315f1dba0567bc5e854c7b4164fc2072b4bef7908c585e54a3f451cc",
    "condition_id": "0xc68fce919a7f2836e607b4775777f7bbd9e995d1e6d764408ed0350802abb3db",
    "market_slug": "",
    "outcome": "",
    "side": "BUY",
    "price": 0.041,
    "size": 1000000000,
    "timestamp": "2024-10-31 02:32:39",
    "notional_value": 41000000
  },
  {
    "fill_id": "0xaa5d34c1b31c74b4da6989e51ae50369c9c6dd8a6c9c8ca636e0db43f0b9fe98_0x3a47cec5315f1dba0567bc5e854c7b4164fc2072b4bef7908c585e54a3f451cc",
    "condition_id": "0xc68fce919a7f2836e607b4775777f7bbd9e995d1e6d764408ed0350802abb3db",
    "market_slug": "",
    "outcome": "",
    "side": "BUY",
    "price": 0.041,
    "size": 1000000000,
    "timestamp": "2024-10-31 02:32:39",
    "notional_value": 41000000
  },
  {
    "fill_id": "0xaa5d34c1b31c74b4da6989e51ae50369c9c6dd8a6c9c8ca636e0db43f0b9fe98_0x3a47cec5315f1dba0567bc5e854c7b4164fc2072b4bef7908c585e54a3f451cc",
    "condition_id": "0xc68fce919a7f2836e607b4775777f7bbd9e995d1e6d764408ed0350802abb3db",
    "market_slug": "",
    "outcome": "",
    "side": "BUY",
    "price": 0.041,
    "size": 1000000000,
    "timestamp": "2024-10-31 02:32:39",
    "notional_value": 41000000
  },
  {
    "fill_id": "0xaa5d34c1b31c74b4da6989e51ae50369c9c6dd8a6c9c8ca636e0db43f0b9fe98_0x3a47cec5315f1dba0567bc5e854c7b4164fc2072b4bef7908c585e54a3f451cc",
    "condition_id": "0xc68fce919a7f2836e607b4775777f7bbd9e995d1e6d764408ed0350802abb3db",
    "market_slug": "",
    "outcome": "",
    "side": "BUY",
    "price": 0.041,
    "size": 1000000000,
    "timestamp": "2024-10-31 02:32:39",
    "notional_value": 41000000
  },
  {
    "fill_id": "0xaa5d34c1b31c74b4da6989e51ae50369c9c6dd8a6c9c8ca636e0db43f0b9fe98_0x594b0f1b7de83e07899bd6ef17572c69bd6b5e59d427cac248554c63b17838e2",
    "condition_id": "0xc68fce919a7f2836e607b4775777f7bbd9e995d1e6d764408ed0350802abb3db",
    "market_slug": "",
    "outcome": "",
    "side": "BUY",
    "price": 0.041,
    "size": 499680000,
    "timestamp": "2024-10-31 02:32:39",
    "notional_value": 20486880
  },
  {
    "fill_id": "0xaa5d34c1b31c74b4da6989e51ae50369c9c6dd8a6c9c8ca636e0db43f0b9fe98_0x594b0f1b7de83e07899bd6ef17572c69bd6b5e59d427cac248554c63b17838e2",
    "condition_id": "0xc68fce919a7f2836e607b4775777f7bbd9e995d1e6d764408ed0350802abb3db",
    "market_slug": "",
    "outcome": "",
    "side": "BUY",
    "price": 0.041,
    "size": 499680000,
    "timestamp": "2024-10-31 02:32:39",
    "notional_value": 20486880
  },
  {
    "fill_id": "0xaa5d34c1b31c74b4da6989e51ae50369c9c6dd8a6c9c8ca636e0db43f0b9fe98_0x594b0f1b7de83e07899bd6ef17572c69bd6b5e59d427cac248554c63b17838e2",
    "condition_id": "0xc68fce919a7f2836e607b4775777f7bbd9e995d1e6d764408ed0350802abb3db",
    "market_slug": "",
    "outcome": "",
    "side": "BUY",
    "price": 0.041,
    "size": 499680000,
    "timestamp": "2024-10-31 02:32:39",
    "notional_value": 20486880
  },
  {
    "fill_id": "0xaa5d34c1b31c74b4da6989e51ae50369c9c6dd8a6c9c8ca636e0db43f0b9fe98_0x594b0f1b7de83e07899bd6ef17572c69bd6b5e59d427cac248554c63b17838e2",
    "condition_id": "0xc68fce919a7f2836e607b4775777f7bbd9e995d1e6d764408ed0350802abb3db",
    "market_slug": "",
    "outcome": "",
    "side": "BUY",
    "price": 0.041,
    "size": 499680000,
    "timestamp": "2024-10-31 02:32:39",
    "notional_value": 20486880
  },
  {
    "fill_id": "0xaa5d34c1b31c74b4da6989e51ae50369c9c6dd8a6c9c8ca636e0db43f0b9fe98_0x594b0f1b7de83e07899bd6ef17572c69bd6b5e59d427cac248554c63b17838e2",
    "condition_id": "0xc68fce919a7f2836e607b4775777f7bbd9e995d1e6d764408ed0350802abb3db",
    "market_slug": "",
    "outcome": "",
    "side": "BUY",
    "price": 0.041,
    "size": 499680000,
    "timestamp": "2024-10-31 02:32:39",
    "notional_value": 20486880
  },
  {
    "fill_id": "0xaa5d34c1b31c74b4da6989e51ae50369c9c6dd8a6c9c8ca636e0db43f0b9fe98_0x70251b677d9a41ee85de2722dd925a4d4cd37a864dcaa2b43cef70063e907403",
    "condition_id": "0xc68fce919a7f2836e607b4775777f7bbd9e995d1e6d764408ed0350802abb3db",
    "market_slug": "",
    "outcome": "",
    "side": "BUY",
    "price": 0.043,
    "size": 1795000000,
    "timestamp": "2024-10-31 02:32:39",
    "notional_value": 77185000
  },
  {
    "fill_id": "0xaa5d34c1b31c74b4da6989e51ae50369c9c6dd8a6c9c8ca636e0db43f0b9fe98_0x70251b677d9a41ee85de2722dd925a4d4cd37a864dcaa2b43cef70063e907403",
    "condition_id": "0xc68fce919a7f2836e607b4775777f7bbd9e995d1e6d764408ed0350802abb3db",
    "market_slug": "",
    "outcome": "",
    "side": "BUY",
    "price": 0.043,
    "size": 1795000000,
    "timestamp": "2024-10-31 02:32:39",
    "notional_value": 77185000
  },
  {
    "fill_id": "0xaa5d34c1b31c74b4da6989e51ae50369c9c6dd8a6c9c8ca636e0db43f0b9fe98_0x70251b677d9a41ee85de2722dd925a4d4cd37a864dcaa2b43cef70063e907403",
    "condition_id": "0xc68fce919a7f2836e607b4775777f7bbd9e995d1e6d764408ed0350802abb3db",
    "market_slug": "",
    "outcome": "",
    "side": "BUY",
    "price": 0.043,
    "size": 1795000000,
    "timestamp": "2024-10-31 02:32:39",
    "notional_value": 77185000
  },
  {
    "fill_id": "0xaa5d34c1b31c74b4da6989e51ae50369c9c6dd8a6c9c8ca636e0db43f0b9fe98_0x70251b677d9a41ee85de2722dd925a4d4cd37a864dcaa2b43cef70063e907403",
    "condition_id": "0xc68fce919a7f2836e607b4775777f7bbd9e995d1e6d764408ed0350802abb3db",
    "market_slug": "",
    "outcome": "",
    "side": "BUY",
    "price": 0.043,
    "size": 1795000000,
    "timestamp": "2024-10-31 02:32:39",
    "notional_value": 77185000
  },
  {
    "fill_id": "0xaa5d34c1b31c74b4da6989e51ae50369c9c6dd8a6c9c8ca636e0db43f0b9fe98_0x70251b677d9a41ee85de2722dd925a4d4cd37a864dcaa2b43cef70063e907403",
    "condition_id": "0xc68fce919a7f2836e607b4775777f7bbd9e995d1e6d764408ed0350802abb3db",
    "market_slug": "",
    "outcome": "",
    "side": "BUY",
    "price": 0.043,
    "size": 1795000000,
    "timestamp": "2024-10-31 02:32:39",
    "notional_value": 77185000
  },
  {
    "fill_id": "0xaa5d34c1b31c74b4da6989e51ae50369c9c6dd8a6c9c8ca636e0db43f0b9fe98_0x7a28599a1c3ac09778c19b29a9d4cf074534086f64858d62fb3b4fdc205e190e",
    "condition_id": "0xc68fce919a7f2836e607b4775777f7bbd9e995d1e6d764408ed0350802abb3db",
    "market_slug": "",
    "outcome": "",
    "side": "BUY",
    "price": 0.043,
    "size": 1111000000,
    "timestamp": "2024-10-31 02:32:39",
    "notional_value": 47772999.99999999
  },
  {
    "fill_id": "0xaa5d34c1b31c74b4da6989e51ae50369c9c6dd8a6c9c8ca636e0db43f0b9fe98_0x7a28599a1c3ac09778c19b29a9d4cf074534086f64858d62fb3b4fdc205e190e",
    "condition_id": "0xc68fce919a7f2836e607b4775777f7bbd9e995d1e6d764408ed0350802abb3db",
    "market_slug": "",
    "outcome": "",
    "side": "BUY",
    "price": 0.043,
    "size": 1111000000,
    "timestamp": "2024-10-31 02:32:39",
    "notional_value": 47772999.99999999
  },
  {
    "fill_id": "0xaa5d34c1b31c74b4da6989e51ae50369c9c6dd8a6c9c8ca636e0db43f0b9fe98_0x7a28599a1c3ac09778c19b29a9d4cf074534086f64858d62fb3b4fdc205e190e",
    "condition_id": "0xc68fce919a7f2836e607b4775777f7bbd9e995d1e6d764408ed0350802abb3db",
    "market_slug": "",
    "outcome": "",
    "side": "BUY",
    "price": 0.043,
    "size": 1111000000,
    "timestamp": "2024-10-31 02:32:39",
    "notional_value": 47772999.99999999
  },
  {
    "fill_id": "0xaa5d34c1b31c74b4da6989e51ae50369c9c6dd8a6c9c8ca636e0db43f0b9fe98_0x7a28599a1c3ac09778c19b29a9d4cf074534086f64858d62fb3b4fdc205e190e",
    "condition_id": "0xc68fce919a7f2836e607b4775777f7bbd9e995d1e6d764408ed0350802abb3db",
    "market_slug": "",
    "outcome": "",
    "side": "BUY",
    "price": 0.043,
    "size": 1111000000,
    "timestamp": "2024-10-31 02:32:39",
    "notional_value": 47772999.99999999
  },
  {
    "fill_id": "0xaa5d34c1b31c74b4da6989e51ae50369c9c6dd8a6c9c8ca636e0db43f0b9fe98_0x7a28599a1c3ac09778c19b29a9d4cf074534086f64858d62fb3b4fdc205e190e",
    "condition_id": "0xc68fce919a7f2836e607b4775777f7bbd9e995d1e6d764408ed0350802abb3db",
    "market_slug": "",
    "outcome": "",
    "side": "BUY",
    "price": 0.043,
    "size": 1111000000,
    "timestamp": "2024-10-31 02:32:39",
    "notional_value": 47772999.99999999
  },
  {
    "fill_id": "0x909123dd1264bf08a8db21ddf8b5dd1b172d5473fa5a3a7c875d3912f87f44b6_0xa42fd6b2157eeee5c4b32251c84e786c647325252a5cd96ca165c1b671e64b62",
    "condition_id": "0xc68fce919a7f2836e607b4775777f7bbd9e995d1e6d764408ed0350802abb3db",
    "market_slug": "",
    "outcome": "",
    "side": "BUY",
    "price": 0.04,
    "size": 5000000000,
    "timestamp": "2024-10-31 02:34:01",
    "notional_value": 200000000
  },
  {
    "fill_id": "0x909123dd1264bf08a8db21ddf8b5dd1b172d5473fa5a3a7c875d3912f87f44b6_0xa42fd6b2157eeee5c4b32251c84e786c647325252a5cd96ca165c1b671e64b62",
    "condition_id": "0xc68fce919a7f2836e607b4775777f7bbd9e995d1e6d764408ed0350802abb3db",
    "market_slug": "",
    "outcome": "",
    "side": "BUY",
    "price": 0.04,
    "size": 5000000000,
    "timestamp": "2024-10-31 02:34:01",
    "notional_value": 200000000
  },
  {
    "fill_id": "0x909123dd1264bf08a8db21ddf8b5dd1b172d5473fa5a3a7c875d3912f87f44b6_0xa42fd6b2157eeee5c4b32251c84e786c647325252a5cd96ca165c1b671e64b62",
    "condition_id": "0xc68fce919a7f2836e607b4775777f7bbd9e995d1e6d764408ed0350802abb3db",
    "market_slug": "",
    "outcome": "",
    "side": "BUY",
    "price": 0.04,
    "size": 5000000000,
    "timestamp": "2024-10-31 02:34:01",
    "notional_value": 200000000
  },
  {
    "fill_id": "0x909123dd1264bf08a8db21ddf8b5dd1b172d5473fa5a3a7c875d3912f87f44b6_0xa42fd6b2157eeee5c4b32251c84e786c647325252a5cd96ca165c1b671e64b62",
    "condition_id": "0xc68fce919a7f2836e607b4775777f7bbd9e995d1e6d764408ed0350802abb3db",
    "market_slug": "",
    "outcome": "",
    "side": "BUY",
    "price": 0.04,
    "size": 5000000000,
    "timestamp": "2024-10-31 02:34:01",
    "notional_value": 200000000
  },
  {
    "fill_id": "0x909123dd1264bf08a8db21ddf8b5dd1b172d5473fa5a3a7c875d3912f87f44b6_0xa42fd6b2157eeee5c4b32251c84e786c647325252a5cd96ca165c1b671e64b62",
    "condition_id": "0xc68fce919a7f2836e607b4775777f7bbd9e995d1e6d764408ed0350802abb3db",
    "market_slug": "",
    "outcome": "",
    "side": "BUY",
    "price": 0.04,
    "size": 5000000000,
    "timestamp": "2024-10-31 02:34:01",
    "notional_value": 200000000
  },
  {
    "fill_id": "0xd743e681d2b570c6c1470d17fa1c6e36af4f17496cc9d1f7a4f6636d40182a68_0x1d2475224d9594285e765c53aedf88d8e393a92629d35fa421c18f3245e1f8e2",
    "condition_id": "0x629ee712e05d0e249624fb421197cba5643980264bcb8cdb826028af82f3d467",
    "market_slug": "",
    "outcome": "",
    "side": "BUY",
    "price": 0.01,
    "size": 11500000,
    "timestamp": "2025-01-27 20:19:19",
    "notional_value": 115000
  },
  {
    "fill_id": "0xd743e681d2b570c6c1470d17fa1c6e36af4f17496cc9d1f7a4f6636d40182a68_0x35a0beb178d65deb60bc77fde238b28b81f1f784d316143ad505bb4ce58a2d5b",
    "condition_id": "0x629ee712e05d0e249624fb421197cba5643980264bcb8cdb826028af82f3d467",
    "market_slug": "",
    "outcome": "",
    "side": "BUY",
    "price": 0.013,
    "size": 800000000,
    "timestamp": "2025-01-27 20:19:19",
    "notional_value": 10400000
  },
  {
    "fill_id": "0xd743e681d2b570c6c1470d17fa1c6e36af4f17496cc9d1f7a4f6636d40182a68_0x3b044146dbc5d50562b5895bb50eb551ae95c3661b08bf2459ce7d3baa0da54e",
    "condition_id": "0x629ee712e05d0e249624fb421197cba5643980264bcb8cdb826028af82f3d467",
    "market_slug": "",
    "outcome": "",
    "side": "BUY",
    "price": 0.013,
    "size": 111000000,
    "timestamp": "2025-01-27 20:19:19",
    "notional_value": 1443000
  },
  {
    "fill_id": "0xd743e681d2b570c6c1470d17fa1c6e36af4f17496cc9d1f7a4f6636d40182a68_0x52bb24c5ed757357b8fbb6cd967f87145af77f9cbceae69ece4cb2ba620bfc93",
    "condition_id": "0x629ee712e05d0e249624fb421197cba5643980264bcb8cdb826028af82f3d467",
    "market_slug": "",
    "outcome": "",
    "side": "BUY",
    "price": 0.01,
    "size": 466700000,
    "timestamp": "2025-01-27 20:19:19",
    "notional_value": 4667000
  },
  {
    "fill_id": "0xd743e681d2b570c6c1470d17fa1c6e36af4f17496cc9d1f7a4f6636d40182a68_0x5c11cad4e659aae52c174f3cd740644d05c6352a84de4490f4eb0b2cb20a0b43",
    "condition_id": "0x629ee712e05d0e249624fb421197cba5643980264bcb8cdb826028af82f3d467",
    "market_slug": "",
    "outcome": "",
    "side": "BUY",
    "price": 0.011,
    "size": 11500000,
    "timestamp": "2025-01-27 20:19:19",
    "notional_value": 126499.99999999999
  },
  {
    "fill_id": "0xd743e681d2b570c6c1470d17fa1c6e36af4f17496cc9d1f7a4f6636d40182a68_0x8be71e3369338910b7b91303d78a00dc64e0c5b6a260b955d5c9733be0e0ccd4",
    "condition_id": "0x629ee712e05d0e249624fb421197cba5643980264bcb8cdb826028af82f3d467",
    "market_slug": "",
    "outcome": "",
    "side": "BUY",
    "price": 0.01,
    "size": 3000000000,
    "timestamp": "2025-01-27 20:19:19",
    "notional_value": 30000000
  },
  {
    "fill_id": "0xd743e681d2b570c6c1470d17fa1c6e36af4f17496cc9d1f7a4f6636d40182a68_0x905dfa7391223fda56395fdda1ddcf3fbbb28dd4ac36ebddc5b9a2c9e6d05a83",
    "condition_id": "0x629ee712e05d0e249624fb421197cba5643980264bcb8cdb826028af82f3d467",
    "market_slug": "",
    "outcome": "",
    "side": "BUY",
    "price": 0.011,
    "size": 253000000,
    "timestamp": "2025-01-27 20:19:19",
    "notional_value": 2783000
  },
  {
    "fill_id": "0xd743e681d2b570c6c1470d17fa1c6e36af4f17496cc9d1f7a4f6636d40182a68_0xe297c69857f663ff1e8673f8b5f9ca2579888e6b53d168fe9a3c32ebeebc16cc",
    "condition_id": "0x629ee712e05d0e249624fb421197cba5643980264bcb8cdb826028af82f3d467",
    "market_slug": "",
    "outcome": "",
    "side": "BUY",
    "price": 0.01,
    "size": 253000000,
    "timestamp": "2025-01-27 20:19:19",
    "notional_value": 2530000
  },
  {
    "fill_id": "0x1ba3558257ec60faaccaa5769f26c9336e04cebe1842b85fabae35abf5296f24_0x08573a6ce577e7f0bc846568922058ddf11a2d6e76202da88d2413832a9c97ac",
    "condition_id": "0x5b2691a691ece9066c2b855815e6c8784011833b17d85c65976dc7494b18e002",
    "market_slug": "",
    "outcome": "",
    "side": "BUY",
    "price": 0.08,
    "size": 150000000,
    "timestamp": "2025-02-17 19:55:44",
    "notional_value": 12000000
  },
  {
    "fill_id": "0x1ba3558257ec60faaccaa5769f26c9336e04cebe1842b85fabae35abf5296f24_0x458c06404b87affc51dc85e99314908b858de6d5f32707228304b8425f3d8976",
    "condition_id": "0x5b2691a691ece9066c2b855815e6c8784011833b17d85c65976dc7494b18e002",
    "market_slug": "",
    "outcome": "",
    "side": "BUY",
    "price": 0.08,
    "size": 3810340000,
    "timestamp": "2025-02-17 19:55:44",
    "notional_value": 304827200
  },
  {
    "fill_id": "0x1ba3558257ec60faaccaa5769f26c9336e04cebe1842b85fabae35abf5296f24_0x64d086b8ac251be43ef68c27840d42ec43b04c2c27122d23f1faa366bceacfd7",
    "condition_id": "0x5b2691a691ece9066c2b855815e6c8784011833b17d85c65976dc7494b18e002",
    "market_slug": "",
    "outcome": "",
    "side": "BUY",
    "price": 0.09,
    "size": 150000000,
    "timestamp": "2025-02-17 19:55:44",
    "notional_value": 13500000
  },
  {
    "fill_id": "0x1ba3558257ec60faaccaa5769f26c9336e04cebe1842b85fabae35abf5296f24_0xabbc8fe600495d3582f263e8b4c019f879c829378fee5fd45eeede9b833e438e",
    "condition_id": "0x5b2691a691ece9066c2b855815e6c8784011833b17d85c65976dc7494b18e002",
    "market_slug": "",
    "outcome": "",
    "side": "BUY",
    "price": 0.09,
    "size": 1111000000,
    "timestamp": "2025-02-17 19:55:44",
    "notional_value": 99990000
  },
  {
    "fill_id": "0x1ba3558257ec60faaccaa5769f26c9336e04cebe1842b85fabae35abf5296f24_0xaff914b0eab6f8ed5ee8890667e84cb44e279974b96ed9096ad6827254188647",
    "condition_id": "0x5b2691a691ece9066c2b855815e6c8784011833b17d85c65976dc7494b18e002",
    "market_slug": "",
    "outcome": "",
    "side": "BUY",
    "price": 0.09,
    "size": 2000000000,
    "timestamp": "2025-02-17 19:55:44",
    "notional_value": 180000000
  },
  {
    "fill_id": "0x1ba3558257ec60faaccaa5769f26c9336e04cebe1842b85fabae35abf5296f24_0xba4f6f8283092e85f4ae260fc9766c5b723b06002302d453d9453d8979dfab59",
    "condition_id": "0x5b2691a691ece9066c2b855815e6c8784011833b17d85c65976dc7494b18e002",
    "market_slug": "",
    "outcome": "",
    "side": "BUY",
    "price": 0.09,
    "size": 100000000,
    "timestamp": "2025-02-17 19:55:44",
    "notional_value": 9000000
  },
  {
    "fill_id": "0x1ba3558257ec60faaccaa5769f26c9336e04cebe1842b85fabae35abf5296f24_0xdd9d4e28e6f9edcc2c7da5c281be6042423f676fa2117ec469f00ab34410791f",
    "condition_id": "0x5b2691a691ece9066c2b855815e6c8784011833b17d85c65976dc7494b18e002",
    "market_slug": "",
    "outcome": "",
    "side": "BUY",
    "price": 0.09,
    "size": 200000000,
    "timestamp": "2025-02-17 19:55:44",
    "notional_value": 18000000
  },
  {
    "fill_id": "0x078b3d81f870ce44a4b8624f60d5022907ec7799d94807962e57c63f62b52a83_0x4c169592c4762cd92a79b990791fa069caf4701060e490392d2109700fab0d53",
    "condition_id": "0x45778949658f964a3d6022590dd05c112268002914abe59d12f9fe8f587425ea",
    "market_slug": "",
    "outcome": "",
    "side": "BUY",
    "price": 0.12,
    "size": 338030000,
    "timestamp": "2025-04-24 17:16:44",
    "notional_value": 40563600
  },
  {
    "fill_id": "0x078b3d81f870ce44a4b8624f60d5022907ec7799d94807962e57c63f62b52a83_0x6789405e2f3cb3d158628127243c04f8721c4f2f4fd12cb2837d38955a483c6c",
    "condition_id": "0x45778949658f964a3d6022590dd05c112268002914abe59d12f9fe8f587425ea",
    "market_slug": "",
    "outcome": "",
    "side": "BUY",
    "price": 0.11,
    "size": 50000000,
    "timestamp": "2025-04-24 17:16:44",
    "notional_value": 5500000
  },
  {
    "fill_id": "0x078b3d81f870ce44a4b8624f60d5022907ec7799d94807962e57c63f62b52a83_0x6b76f582dcd98afaa8bf706027dcea97e9575fdfd0b4d60fed3dafeedeb28168",
    "condition_id": "0x45778949658f964a3d6022590dd05c112268002914abe59d12f9fe8f587425ea",
    "market_slug": "",
    "outcome": "",
    "side": "BUY",
    "price": 0.11,
    "size": 3000000000,
    "timestamp": "2025-04-24 17:16:44",
    "notional_value": 330000000
  },
  {
    "fill_id": "0xb7f9ad2d8638900afbe565da60ddeb46cd866965fbabdc1dd39e895edbce335c_0x326301451afa36809b907547c04922bcfcb07801a9faa94e0bf2fba343a1e2ab",
    "condition_id": "0xae6dab898b0531faf72bf9f09517538249131850cfe48b309f7f91124411c380",
    "market_slug": "",
    "outcome": "",
    "side": "BUY",
    "price": 0.997,
    "size": 4000000000,
    "timestamp": "2025-04-29 22:33:32",
    "notional_value": 3988000000
  },
  {
    "fill_id": "0xb7f9ad2d8638900afbe565da60ddeb46cd866965fbabdc1dd39e895edbce335c_0x4aa76e6c51c73c504dba7c78ccd449c4881a0ce9bb20bf0b58bc53f8b794efca",
    "condition_id": "0xae6dab898b0531faf72bf9f09517538249131850cfe48b309f7f91124411c380",
    "market_slug": "",
    "outcome": "",
    "side": "BUY",
    "price": 0.997,
    "size": 2000000000,
    "timestamp": "2025-04-29 22:33:32",
    "notional_value": 1994000000
  },
  {
    "fill_id": "0xb7f9ad2d8638900afbe565da60ddeb46cd866965fbabdc1dd39e895edbce335c_0x61744dd5584ea12e5444a0bb07f31e4779f23f7913c110ab1ad41dd29697b58d",
    "condition_id": "0xae6dab898b0531faf72bf9f09517538249131850cfe48b309f7f91124411c380",
    "market_slug": "",
    "outcome": "",
    "side": "BUY",
    "price": 0.997,
    "size": 17321360000,
    "timestamp": "2025-04-29 22:33:32",
    "notional_value": 17269395920
  },
  {
    "fill_id": "0xb7f9ad2d8638900afbe565da60ddeb46cd866965fbabdc1dd39e895edbce335c_0x766f955864101962e8bfbd9f80a3dbbd84f613cf95078cb65fe62a67ae8f2c3a",
    "condition_id": "0xae6dab898b0531faf72bf9f09517538249131850cfe48b309f7f91124411c380",
    "market_slug": "",
    "outcome": "",
    "side": "BUY",
    "price": 0.997,
    "size": 500000000,
    "timestamp": "2025-04-29 22:33:32",
    "notional_value": 498500000
  },
  {
    "fill_id": "0xb7f9ad2d8638900afbe565da60ddeb46cd866965fbabdc1dd39e895edbce335c_0xa13901565fa74a7f535025f780abb07e7536e524fd46eb3391d2110df30dfefa",
    "condition_id": "0xae6dab898b0531faf72bf9f09517538249131850cfe48b309f7f91124411c380",
    "market_slug": "",
    "outcome": "",
    "side": "SELL",
    "price": 0.997,
    "size": 48216380000,
    "timestamp": "2025-04-29 22:33:32",
    "notional_value": 48071730860
  },
  {
    "fill_id": "0xb7f9ad2d8638900afbe565da60ddeb46cd866965fbabdc1dd39e895edbce335c_0xb01ba5f4a9bd17b76ff08770ff82d3dfc3c914613e9ea0f332c25f0bf005a23b",
    "condition_id": "0xae6dab898b0531faf72bf9f09517538249131850cfe48b309f7f91124411c380",
    "market_slug": "",
    "outcome": "",
    "side": "BUY",
    "price": 0.997,
    "size": 20000000000,
    "timestamp": "2025-04-29 22:33:32",
    "notional_value": 19940000000
  },
  {
    "fill_id": "0xb7f9ad2d8638900afbe565da60ddeb46cd866965fbabdc1dd39e895edbce335c_0xb384c4320e6cbae833e97a8a85e65bcde83e225e106d66781efb79097eefc3eb",
    "condition_id": "0xae6dab898b0531faf72bf9f09517538249131850cfe48b309f7f91124411c380",
    "market_slug": "",
    "outcome": "",
    "side": "BUY",
    "price": 0.997,
    "size": 3000000000,
    "timestamp": "2025-04-29 22:33:32",
    "notional_value": 2991000000
  },
  {
    "fill_id": "0xb7f9ad2d8638900afbe565da60ddeb46cd866965fbabdc1dd39e895edbce335c_0xb916a5e8469ddbfb855f459baa852ea54be1d8fed140ea199ae55e44d1744dd9",
    "condition_id": "0xae6dab898b0531faf72bf9f09517538249131850cfe48b309f7f91124411c380",
    "market_slug": "",
    "outcome": "",
    "side": "BUY",
    "price": 0.997,
    "size": 888000000,
    "timestamp": "2025-04-29 22:33:32",
    "notional_value": 885336000
  },
  {
    "fill_id": "0xf2ca50ec7e0962988a69886ed9df506becdbc622ccaa562867f6ffe665f470cc_0xa13901565fa74a7f535025f780abb07e7536e524fd46eb3391d2110df30dfefa",
    "condition_id": "0xae6dab898b0531faf72bf9f09517538249131850cfe48b309f7f91124411c380",
    "market_slug": "",
    "outcome": "",
    "side": "SELL",
    "price": 0.997,
    "size": 13169520000,
    "timestamp": "2025-04-29 22:35:18",
    "notional_value": 13130011440
  },
  {
    "fill_id": "0xb3a7472cd28013949fe7d6d959243f2485780685480b4cc405d5a27e28f31e87_0x835e259f0ab5bf9f907a9e54533eac679e88831cafddbc91d3baa2c8b91ae4c0",
    "condition_id": "0xcd2d14962c82a03ac226941d9f6010ddba7c49d30d3d55186d68e21c24440009",
    "market_slug": "",
    "outcome": "",
    "side": "BUY",
    "price": 0.01,
    "size": 250000000,
    "timestamp": "2025-06-20 20:01:28",
    "notional_value": 2500000
  },
  {
    "fill_id": "0xb3a7472cd28013949fe7d6d959243f2485780685480b4cc405d5a27e28f31e87_0x93716dbcdfc1682d7f8be0b8aed97350cc9f368e3d87258b453ff944498f667d",
    "condition_id": "0xcd2d14962c82a03ac226941d9f6010ddba7c49d30d3d55186d68e21c24440009",
    "market_slug": "",
    "outcome": "",
    "side": "BUY",
    "price": 0.01,
    "size": 220000000,
    "timestamp": "2025-06-20 20:01:28",
    "notional_value": 2200000
  },
  {
    "fill_id": "0xb3a7472cd28013949fe7d6d959243f2485780685480b4cc405d5a27e28f31e87_0xbd8f9fcb7172aa741c31d16d91a5cf2de05d8a8502a906d2a5da4218008f67b3",
    "condition_id": "0xcd2d14962c82a03ac226941d9f6010ddba7c49d30d3d55186d68e21c24440009",
    "market_slug": "",
    "outcome": "",
    "side": "BUY",
    "price": 0.011,
    "size": 710000000,
    "timestamp": "2025-06-20 20:01:28",
    "notional_value": 7810000
  },
  {
    "fill_id": "0xb3a7472cd28013949fe7d6d959243f2485780685480b4cc405d5a27e28f31e87_0xc5beedff40b4f4f2988d6fc41110543696f17423e743097d7bcf871692cf41b4",
    "condition_id": "0xcd2d14962c82a03ac226941d9f6010ddba7c49d30d3d55186d68e21c24440009",
    "market_slug": "",
    "outcome": "",
    "side": "BUY",
    "price": 0.01,
    "size": 878270000,
    "timestamp": "2025-06-20 20:01:28",
    "notional_value": 8782700
  },
  {
    "fill_id": "0xa5189c6211d801b5e283d34d9649ba273fcdd5b2d07d38441710074290ed7519_0x3bbaf7dc956eb778681e3757b9a832ff9355c44d1e403cb8008223c7c9c5a3a4",
    "condition_id": "0xcd2d14962c82a03ac226941d9f6010ddba7c49d30d3d55186d68e21c24440009",
    "market_slug": "",
    "outcome": "",
    "side": "BUY",
    "price": 0.017,
    "size": 201000000,
    "timestamp": "2025-06-21 21:36:55",
    "notional_value": 3417000.0000000005
  },
  {
    "fill_id": "0xa5189c6211d801b5e283d34d9649ba273fcdd5b2d07d38441710074290ed7519_0x53328021be82107ef8f9956a3ad676d7b4e70c520a0ab6715ef131716140edc5",
    "condition_id": "0xcd2d14962c82a03ac226941d9f6010ddba7c49d30d3d55186d68e21c24440009",
    "market_slug": "",
    "outcome": "",
    "side": "BUY",
    "price": 0.016,
    "size": 999000000,
    "timestamp": "2025-06-21 21:36:55",
    "notional_value": 15984000
  },
  {
    "fill_id": "0xa5189c6211d801b5e283d34d9649ba273fcdd5b2d07d38441710074290ed7519_0xa070b701d4294a1747ba8f5ff5a5aaeafbb734cb16546bc8c11ee3ce3ad47f6d",
    "condition_id": "0xcd2d14962c82a03ac226941d9f6010ddba7c49d30d3d55186d68e21c24440009",
    "market_slug": "",
    "outcome": "",
    "side": "BUY",
    "price": 0.015,
    "size": 201000000,
    "timestamp": "2025-06-21 21:36:55",
    "notional_value": 3015000
  },
  {
    "fill_id": "0xa5189c6211d801b5e283d34d9649ba273fcdd5b2d07d38441710074290ed7519_0xca506e145b62b1b1e72b67788061ebf08b9df02d8533ef7b6d2aee1170810d8b",
    "condition_id": "0xcd2d14962c82a03ac226941d9f6010ddba7c49d30d3d55186d68e21c24440009",
    "market_slug": "",
    "outcome": "",
    "side": "BUY",
    "price": 0.016,
    "size": 313000000,
    "timestamp": "2025-06-21 21:36:55",
    "notional_value": 5008000
  },
  {
    "fill_id": "0xa5189c6211d801b5e283d34d9649ba273fcdd5b2d07d38441710074290ed7519_0xd2d40fae35f942e8caf1feede7bb02f89a7889726f95558d23e1c71f5f661133",
    "condition_id": "0xcd2d14962c82a03ac226941d9f6010ddba7c49d30d3d55186d68e21c24440009",
    "market_slug": "",
    "outcome": "",
    "side": "BUY",
    "price": 0.017,
    "size": 201000000,
    "timestamp": "2025-06-21 21:36:55",
    "notional_value": 3417000.0000000005
  },
  {
    "fill_id": "0xf661b87552d2b52df5cb50e4acaf782e728c2ff9c0ef2ebb63ff1c73c710ab3f_0x2f16d0ad9f4c149d8c44ff8223328583079f14d89bcf1b913b4472b0248ac6b6",
    "condition_id": "0xcd2d14962c82a03ac226941d9f6010ddba7c49d30d3d55186d68e21c24440009",
    "market_slug": "",
    "outcome": "",
    "side": "BUY",
    "price": 0.016,
    "size": 201000000,
    "timestamp": "2025-06-21 21:50:15",
    "notional_value": 3216000
  },
  {
    "fill_id": "0xf661b87552d2b52df5cb50e4acaf782e728c2ff9c0ef2ebb63ff1c73c710ab3f_0x72661a7c765359c92ba2c1e90aa5f37fb3c53450b79f4fe990eca4ba7b3fc8cf",
    "condition_id": "0xcd2d14962c82a03ac226941d9f6010ddba7c49d30d3d55186d68e21c24440009",
    "market_slug": "",
    "outcome": "",
    "side": "BUY",
    "price": 0.016,
    "size": 313000000,
    "timestamp": "2025-06-21 21:50:15",
    "notional_value": 5008000
  },
  {
    "fill_id": "0xf661b87552d2b52df5cb50e4acaf782e728c2ff9c0ef2ebb63ff1c73c710ab3f_0x9fe530ca3be5b2b7df63eadec3b5ca37e383245e3989216bbbbca5e018e0e781",
    "condition_id": "0xcd2d14962c82a03ac226941d9f6010ddba7c49d30d3d55186d68e21c24440009",
    "market_slug": "",
    "outcome": "",
    "side": "BUY",
    "price": 0.013,
    "size": 201000000,
    "timestamp": "2025-06-21 21:50:15",
    "notional_value": 2613000
  },
  {
    "fill_id": "0xf661b87552d2b52df5cb50e4acaf782e728c2ff9c0ef2ebb63ff1c73c710ab3f_0xbc01cd0d2908ecf551cb1124f746e9965cada5a9dbc782ab765f66861a04a8fe",
    "condition_id": "0xcd2d14962c82a03ac226941d9f6010ddba7c49d30d3d55186d68e21c24440009",
    "market_slug": "",
    "outcome": "",
    "side": "BUY",
    "price": 0.013,
    "size": 201000000,
    "timestamp": "2025-06-21 21:50:15",
    "notional_value": 2613000
  },
  {
    "fill_id": "0xf661b87552d2b52df5cb50e4acaf782e728c2ff9c0ef2ebb63ff1c73c710ab3f_0xf4b270d92411a80da2750f58e0eb156495a5570475648d63ecb956a9070727ba",
    "condition_id": "0xcd2d14962c82a03ac226941d9f6010ddba7c49d30d3d55186d68e21c24440009",
    "market_slug": "",
    "outcome": "",
    "side": "BUY",
    "price": 0.016,
    "size": 999000000,
    "timestamp": "2025-06-21 21:50:15",
    "notional_value": 15984000
  },
  {
    "fill_id": "0x7d6cd3208c78ee1dd3cf67b54ef48d088f5eff8c5ac66e1423916516f3301c5a_0x0a9ad28d1b6a8c187fba259ae59dda6663cc0758bc9adb16235795bac0b9fcf3",
    "condition_id": "0x47ed0b4bf2172794535354f3d754598c85d8bb0fadcc2548268c35fc5db84c19",
    "market_slug": "",
    "outcome": "",
    "side": "BUY",
    "price": 0.041,
    "size": 2000000000,
    "timestamp": "2025-09-27 01:09:17",
    "notional_value": 82000000
  },
  {
    "fill_id": "0x7d6cd3208c78ee1dd3cf67b54ef48d088f5eff8c5ac66e1423916516f3301c5a_0xad8bc682d1bc5f7c3ce9b561d0580f91e07b65ff0af5d30ee8064bc7eafaabaf",
    "condition_id": "0x47ed0b4bf2172794535354f3d754598c85d8bb0fadcc2548268c35fc5db84c19",
    "market_slug": "",
    "outcome": "",
    "side": "BUY",
    "price": 0.043,
    "size": 100000000,
    "timestamp": "2025-09-27 01:09:17",
    "notional_value": 4300000
  },
  {
    "fill_id": "0x61dd151fdad24600b1ddea40305c7e65c5068ec5b646aa35245848adb8a75cdb_0x6f6c46b64e1b0a55101ddcac4f3029907e8ea9b4137b3c4bd5c7d5c035d7b226",
    "condition_id": "0xfae907b4c7d9b39fcd27683e3f9e4bdbbafc24f36765b6240a93b8c94ed206fa",
    "market_slug": "",
    "outcome": "",
    "side": "BUY",
    "price": 0.04,
    "size": 38522980000,
    "timestamp": "2025-09-27 17:32:11",
    "notional_value": 1540919200
  },
  {
    "fill_id": "0xc7e76dee2ecb4b0194d42a839e235d067f2ab2ba7f04be67fce0f2c968271f9b_0x3874e69df50fb45e8cb733f0beec350be3c15e4fc8b5ce0654f4624a0e02e58f",
    "condition_id": "0xfae907b4c7d9b39fcd27683e3f9e4bdbbafc24f36765b6240a93b8c94ed206fa",
    "market_slug": "",
    "outcome": "",
    "side": "BUY",
    "price": 0.038,
    "size": 27000000,
    "timestamp": "2025-09-27 17:34:51",
    "notional_value": 1026000
  },
  {
    "fill_id": "0xc7e76dee2ecb4b0194d42a839e235d067f2ab2ba7f04be67fce0f2c968271f9b_0xa0142b6534c055df016b22c363c213acb7f8e1a4378383fa1de53ffcb9dfac61",
    "condition_id": "0xfae907b4c7d9b39fcd27683e3f9e4bdbbafc24f36765b6240a93b8c94ed206fa",
    "market_slug": "",
    "outcome": "",
    "side": "BUY",
    "price": 0.037,
    "size": 168920000,
    "timestamp": "2025-09-27 17:34:51",
    "notional_value": 6250040
  },
  {
    "fill_id": "0x2b89bd3b53d20f309d8a25c8cf1692ead943b68f38b13685eb76d728ea3da7f6_0x333fd542a5fb882230172d860a838a36d1d194b3b75ec3de787d8782cf11a456",
    "condition_id": "0xfae907b4c7d9b39fcd27683e3f9e4bdbbafc24f36765b6240a93b8c94ed206fa",
    "market_slug": "",
    "outcome": "",
    "side": "BUY",
    "price": 0.015,
    "size": 100000000,
    "timestamp": "2025-09-29 16:36:47",
    "notional_value": 1500000
  },
  {
    "fill_id": "0x2b89bd3b53d20f309d8a25c8cf1692ead943b68f38b13685eb76d728ea3da7f6_0x8cb769eb81780719c9a60f501478220bd1e68e08e0998e9aecc5bee7fff67830",
    "condition_id": "0xfae907b4c7d9b39fcd27683e3f9e4bdbbafc24f36765b6240a93b8c94ed206fa",
    "market_slug": "",
    "outcome": "",
    "side": "BUY",
    "price": 0.015,
    "size": 2204800000,
    "timestamp": "2025-09-29 16:36:47",
    "notional_value": 33072000
  },
  {
    "fill_id": "0xd4a9b750a5663e633ed35357b248856645f975b621fa58e4e2ebc535a8bb7462_0xb6d7fe716f7492438c8055fae7f184ec9801ef236fa588aca6b01b7e754b479a",
    "condition_id": "0xfee2ae80fb479919ecf3487ac5892fd0522a0bd06466c0cdf4e28740c8ae4d00",
    "market_slug": "",
    "outcome": "",
    "side": "BUY",
    "price": 0.06,
    "size": 211000000,
    "timestamp": "2025-10-06 19:04:52",
    "notional_value": 12660000
  },
  {
    "fill_id": "0x335f84526b53fdf28afda9929f20e5a9ea194216c6b5fd2c38f8dfae2c48c82c_0x4828a89f5becd3a47c72936a65ced4fc1beb912a46980e1d1016f221eb6f04cf",
    "condition_id": "0x2df0f9131944410c596a5ec62c3c19d2dde36d97002e9a236ea5323ffe1a9be4",
    "market_slug": "",
    "outcome": "",
    "side": "BUY",
    "price": 0.01,
    "size": 31360000,
    "timestamp": "2025-10-08 23:48:05",
    "notional_value": 313600
  },
  {
    "fill_id": "0x335f84526b53fdf28afda9929f20e5a9ea194216c6b5fd2c38f8dfae2c48c82c_0xc555876a633d3f2208f939079a3684dec6e88f4a84f4a7816430f70e4883bc92",
    "condition_id": "0x2df0f9131944410c596a5ec62c3c19d2dde36d97002e9a236ea5323ffe1a9be4",
    "market_slug": "",
    "outcome": "",
    "side": "BUY",
    "price": 0.009,
    "size": 940060000,
    "timestamp": "2025-10-08 23:48:05",
    "notional_value": 8460540
  },
  {
    "fill_id": "0x335f84526b53fdf28afda9929f20e5a9ea194216c6b5fd2c38f8dfae2c48c82c_0xd5496e04e8e0e183ca6a3fa61c284669a991ada9c317c4c890fd96f35d464730",
    "condition_id": "0x2df0f9131944410c596a5ec62c3c19d2dde36d97002e9a236ea5323ffe1a9be4",
    "market_slug": "",
    "outcome": "",
    "side": "BUY",
    "price": 0.01,
    "size": 268640000,
    "timestamp": "2025-10-08 23:48:05",
    "notional_value": 2686400
  }
]